%YAML 1.1
%TAG !u! tag:unity3d.com,2011:
--- !u!1 &30495443930278309
GameObject:
  m_ObjectHideFlags: 0
  m_CorrespondingSourceObject: {fileID: 0}
  m_PrefabInstance: {fileID: 0}
  m_PrefabAsset: {fileID: 0}
  serializedVersion: 6
  m_Component:
  - component: {fileID: 8598794697152382719}
  - component: {fileID: 2194046698748732915}
  - component: {fileID: 5544763486866813532}
  - component: {fileID: 447059591198023068}
  m_Layer: 0
  m_Name: cm
  m_TagString: Untagged
  m_Icon: {fileID: 0}
  m_NavMeshLayer: 0
  m_StaticEditorFlags: 0
  m_IsActive: 1
--- !u!4 &8598794697152382719
Transform:
  m_ObjectHideFlags: 0
  m_CorrespondingSourceObject: {fileID: 0}
  m_PrefabInstance: {fileID: 0}
  m_PrefabAsset: {fileID: 0}
  m_GameObject: {fileID: 30495443930278309}
  serializedVersion: 2
  m_LocalRotation: {x: -0, y: -0, z: -0, w: 1}
  m_LocalPosition: {x: 0, y: 0, z: 0}
  m_LocalScale: {x: 1, y: 1, z: 1}
  m_ConstrainProportionsScale: 0
  m_Children: []
  m_Father: {fileID: 5201335805804158838}
  m_LocalEulerAnglesHint: {x: 0, y: 0, z: 0}
--- !u!114 &2194046698748732915
MonoBehaviour:
  m_ObjectHideFlags: 0
  m_CorrespondingSourceObject: {fileID: 0}
  m_PrefabInstance: {fileID: 0}
  m_PrefabAsset: {fileID: 0}
  m_GameObject: {fileID: 30495443930278309}
  m_Enabled: 1
  m_EditorHideFlags: 0
  m_Script: {fileID: 11500000, guid: ac0b09e7857660247b1477e93731de29, type: 3}
  m_Name: 
  m_EditorClassIdentifier: 
--- !u!114 &5544763486866813532
MonoBehaviour:
  m_ObjectHideFlags: 0
  m_CorrespondingSourceObject: {fileID: 0}
  m_PrefabInstance: {fileID: 0}
  m_PrefabAsset: {fileID: 0}
  m_GameObject: {fileID: 30495443930278309}
  m_Enabled: 1
  m_EditorHideFlags: 0
  m_Script: {fileID: 11500000, guid: 9384ab8608cdc3d479fe89cd51eed48f, type: 3}
  m_Name: 
  m_EditorClassIdentifier: 
  m_BindingMode: 5
  m_FollowOffset: {x: 0, y: 0.5, z: -3}
  m_XDamping: 1
  m_YDamping: 1
  m_ZDamping: 1
  m_AngularDampingMode: 0
  m_PitchDamping: 0
  m_YawDamping: 0
  m_RollDamping: 0
  m_AngularDamping: 0
  m_Heading:
    m_Definition: 2
    m_VelocityFilterStrength: 4
    m_Bias: 0
  m_RecenterToTargetHeading:
    m_enabled: 0
    m_WaitTime: 1
    m_RecenteringTime: 2
    m_LegacyHeadingDefinition: -1
    m_LegacyVelocityFilterStrength: -1
  m_XAxis:
    Value: 0
    m_SpeedMode: 0
    m_MaxSpeed: 300
    m_AccelTime: 0.1
    m_DecelTime: 0.1
    m_InputAxisName: 
    m_InputAxisValue: 0
    m_InvertInput: 1
    m_MinValue: -180
    m_MaxValue: 180
    m_Wrap: 1
    m_Recentering:
      m_enabled: 0
      m_WaitTime: 1
      m_RecenteringTime: 2
      m_LegacyHeadingDefinition: -1
      m_LegacyVelocityFilterStrength: -1
  m_LegacyRadius: 3.4028235e+38
  m_LegacyHeightOffset: 3.4028235e+38
  m_LegacyHeadingBias: 3.4028235e+38
  m_HeadingIsSlave: 1
--- !u!114 &447059591198023068
MonoBehaviour:
  m_ObjectHideFlags: 0
  m_CorrespondingSourceObject: {fileID: 0}
  m_PrefabInstance: {fileID: 0}
  m_PrefabAsset: {fileID: 0}
  m_GameObject: {fileID: 30495443930278309}
  m_Enabled: 1
  m_EditorHideFlags: 0
  m_Script: {fileID: 11500000, guid: f4044717213e31446939f7bd49c896ea, type: 3}
  m_Name: 
  m_EditorClassIdentifier: 
  m_TrackedObjectOffset: {x: 0, y: 0, z: 0}
  m_LookaheadTime: 0
  m_LookaheadSmoothing: 0
  m_LookaheadIgnoreY: 0
  m_HorizontalDamping: 0
  m_VerticalDamping: 0
  m_ScreenX: 0.5140383
  m_ScreenY: 0.5160729
  m_DeadZoneWidth: 0
  m_DeadZoneHeight: 0
  m_SoftZoneWidth: 0.8
  m_SoftZoneHeight: 0.8
  m_BiasX: 0
  m_BiasY: 0
  m_CenterOnActivate: 1
--- !u!1 &381576349490491660
GameObject:
  m_ObjectHideFlags: 3
  m_CorrespondingSourceObject: {fileID: 0}
  m_PrefabInstance: {fileID: 0}
  m_PrefabAsset: {fileID: 0}
  serializedVersion: 6
  m_Component:
  - component: {fileID: 3076187779250003531}
  - component: {fileID: 8937030118682095959}
  m_Layer: 0
  m_Name: BottomRig
  m_TagString: Untagged
  m_Icon: {fileID: 0}
  m_NavMeshLayer: 0
  m_StaticEditorFlags: 0
  m_IsActive: 1
--- !u!4 &3076187779250003531
Transform:
  m_ObjectHideFlags: 3
  m_CorrespondingSourceObject: {fileID: 0}
  m_PrefabInstance: {fileID: 0}
  m_PrefabAsset: {fileID: 0}
  m_GameObject: {fileID: 381576349490491660}
  serializedVersion: 2
  m_LocalRotation: {x: 0.013111528, y: 0.9579039, z: -0.044326413, w: 0.2833431}
  m_LocalPosition: {x: 0, y: 0, z: 0}
  m_LocalScale: {x: 1, y: 1, z: 1}
  m_ConstrainProportionsScale: 0
  m_Children:
  - {fileID: 7129481437895482712}
  m_Father: {fileID: 5183885251026981772}
  m_LocalEulerAnglesHint: {x: 0, y: 0, z: 0}
--- !u!114 &8937030118682095959
MonoBehaviour:
  m_ObjectHideFlags: 3
  m_CorrespondingSourceObject: {fileID: 0}
  m_PrefabInstance: {fileID: 0}
  m_PrefabAsset: {fileID: 0}
  m_GameObject: {fileID: 381576349490491660}
  m_Enabled: 1
  m_EditorHideFlags: 0
  m_Script: {fileID: 11500000, guid: 45e653bab7fb20e499bda25e1b646fea, type: 3}
  m_Name: 
  m_EditorClassIdentifier: 
  m_ExcludedPropertiesInInspector:
  - m_Script
  - Header
  - Extensions
  - m_Priority
  - m_Transitions
  - m_Follow
  - m_StandbyUpdate
  - m_Lens
  m_LockStageInInspector: 00000000
  m_StreamingVersion: 20170927
  m_Priority: 10
  m_StandbyUpdate: 2
  m_LookAt: {fileID: 0}
  m_Follow: {fileID: 0}
  m_Lens:
    FieldOfView: 40
    OrthographicSize: 10
    NearClipPlane: 0.1
    FarClipPlane: 5000
    Dutch: 0
    ModeOverride: 0
    LensShift: {x: 0, y: 0}
    GateFit: 2
    FocusDistance: 10
    m_SensorSize: {x: 1, y: 1}
  m_Transitions:
    m_BlendHint: 0
    m_InheritPosition: 0
    m_OnCameraLive:
      m_PersistentCalls:
        m_Calls: []
  m_LegacyBlendHint: 0
  m_ComponentOwner: {fileID: 7129481437895482712}
--- !u!1 &3012483085950964926
GameObject:
  m_ObjectHideFlags: 0
  m_CorrespondingSourceObject: {fileID: 0}
  m_PrefabInstance: {fileID: 0}
  m_PrefabAsset: {fileID: 0}
  serializedVersion: 6
  m_Component:
  - component: {fileID: 1381182617437643169}
  - component: {fileID: 625960530565374278}
  - component: {fileID: 9205292361967808350}
  m_Layer: 0
  m_Name: EnemyChaserDetecter
  m_TagString: Untagged
  m_Icon: {fileID: 0}
  m_NavMeshLayer: 0
  m_StaticEditorFlags: 0
  m_IsActive: 1
--- !u!4 &1381182617437643169
Transform:
  m_ObjectHideFlags: 0
  m_CorrespondingSourceObject: {fileID: 0}
  m_PrefabInstance: {fileID: 0}
  m_PrefabAsset: {fileID: 0}
  m_GameObject: {fileID: 3012483085950964926}
  serializedVersion: 2
  m_LocalRotation: {x: -0, y: -0, z: -0, w: 1}
  m_LocalPosition: {x: 0, y: 0.697, z: 0.903}
  m_LocalScale: {x: 1, y: 1, z: 1}
  m_ConstrainProportionsScale: 0
  m_Children: []
  m_Father: {fileID: 5110627311439493602}
  m_LocalEulerAnglesHint: {x: 0, y: 0, z: 0}
--- !u!135 &625960530565374278
SphereCollider:
  m_ObjectHideFlags: 0
  m_CorrespondingSourceObject: {fileID: 0}
  m_PrefabInstance: {fileID: 0}
  m_PrefabAsset: {fileID: 0}
  m_GameObject: {fileID: 3012483085950964926}
  m_Material: {fileID: 0}
  m_IncludeLayers:
    serializedVersion: 2
    m_Bits: 0
  m_ExcludeLayers:
    serializedVersion: 2
    m_Bits: 0
  m_LayerOverridePriority: 0
  m_IsTrigger: 1
  m_ProvidesContacts: 0
  m_Enabled: 1
  serializedVersion: 3
  m_Radius: 0.45
  m_Center: {x: 0, y: 0, z: 0}
--- !u!114 &9205292361967808350
MonoBehaviour:
  m_ObjectHideFlags: 0
  m_CorrespondingSourceObject: {fileID: 0}
  m_PrefabInstance: {fileID: 0}
  m_PrefabAsset: {fileID: 0}
  m_GameObject: {fileID: 3012483085950964926}
  m_Enabled: 1
  m_EditorHideFlags: 0
  m_Script: {fileID: 11500000, guid: afbaaa9b568277949ba31b7e37a6fa66, type: 3}
  m_Name: 
  m_EditorClassIdentifier: 
  chaserPlayer: {fileID: 8719501627712369731}
--- !u!1 &3542543932184473056
GameObject:
  m_ObjectHideFlags: 0
  m_CorrespondingSourceObject: {fileID: 0}
  m_PrefabInstance: {fileID: 0}
  m_PrefabAsset: {fileID: 0}
  serializedVersion: 6
  m_Component:
  - component: {fileID: 7464994752546514208}
  m_Layer: 0
  m_Name: CatchingSphereCastStartingPoint
  m_TagString: Untagged
  m_Icon: {fileID: 0}
  m_NavMeshLayer: 0
  m_StaticEditorFlags: 0
  m_IsActive: 1
--- !u!4 &7464994752546514208
Transform:
  m_ObjectHideFlags: 0
  m_CorrespondingSourceObject: {fileID: 0}
  m_PrefabInstance: {fileID: 0}
  m_PrefabAsset: {fileID: 0}
  m_GameObject: {fileID: 3542543932184473056}
  serializedVersion: 2
  m_LocalRotation: {x: 0, y: 0, z: 0, w: 1}
  m_LocalPosition: {x: 0, y: 0.75, z: 0}
  m_LocalScale: {x: 1, y: 1, z: 1}
  m_ConstrainProportionsScale: 0
  m_Children: []
  m_Father: {fileID: 5110627311439493602}
  m_LocalEulerAnglesHint: {x: 0, y: 0, z: 0}
--- !u!1 &5131903072669171775
GameObject:
  m_ObjectHideFlags: 3
  m_CorrespondingSourceObject: {fileID: 0}
  m_PrefabInstance: {fileID: 0}
  m_PrefabAsset: {fileID: 0}
  serializedVersion: 6
  m_Component:
  - component: {fileID: 8527581681478907350}
  - component: {fileID: 3739950122799839721}
  m_Layer: 0
  m_Name: TopRig
  m_TagString: Untagged
  m_Icon: {fileID: 0}
  m_NavMeshLayer: 0
  m_StaticEditorFlags: 0
  m_IsActive: 1
--- !u!4 &8527581681478907350
Transform:
  m_ObjectHideFlags: 3
  m_CorrespondingSourceObject: {fileID: 0}
  m_PrefabInstance: {fileID: 0}
  m_PrefabAsset: {fileID: 0}
  m_GameObject: {fileID: 5131903072669171775}
  serializedVersion: 2
  m_LocalRotation: {x: 0.023395292, y: 0.9556616, z: -0.07909297, w: 0.28267983}
  m_LocalPosition: {x: 0, y: 0, z: 0}
  m_LocalScale: {x: 1, y: 1, z: 1}
  m_ConstrainProportionsScale: 0
  m_Children:
  - {fileID: 4164169889486084690}
  m_Father: {fileID: 5183885251026981772}
  m_LocalEulerAnglesHint: {x: 0, y: 0, z: 0}
--- !u!114 &3739950122799839721
MonoBehaviour:
  m_ObjectHideFlags: 3
  m_CorrespondingSourceObject: {fileID: 0}
  m_PrefabInstance: {fileID: 0}
  m_PrefabAsset: {fileID: 0}
  m_GameObject: {fileID: 5131903072669171775}
  m_Enabled: 1
  m_EditorHideFlags: 0
  m_Script: {fileID: 11500000, guid: 45e653bab7fb20e499bda25e1b646fea, type: 3}
  m_Name: 
  m_EditorClassIdentifier: 
  m_ExcludedPropertiesInInspector:
  - m_Script
  - Header
  - Extensions
  - m_Priority
  - m_Transitions
  - m_Follow
  - m_StandbyUpdate
  - m_Lens
  m_LockStageInInspector: 00000000
  m_StreamingVersion: 20170927
  m_Priority: 10
  m_StandbyUpdate: 2
  m_LookAt: {fileID: 0}
  m_Follow: {fileID: 0}
  m_Lens:
    FieldOfView: 40
    OrthographicSize: 10
    NearClipPlane: 0.1
    FarClipPlane: 5000
    Dutch: 0
    ModeOverride: 0
    LensShift: {x: 0, y: 0}
    GateFit: 2
    FocusDistance: 10
    m_SensorSize: {x: 1, y: 1}
  m_Transitions:
    m_BlendHint: 0
    m_InheritPosition: 0
    m_OnCameraLive:
      m_PersistentCalls:
        m_Calls: []
  m_LegacyBlendHint: 0
  m_ComponentOwner: {fileID: 4164169889486084690}
--- !u!1 &5700552705774345109
GameObject:
  m_ObjectHideFlags: 0
  m_CorrespondingSourceObject: {fileID: 0}
  m_PrefabInstance: {fileID: 0}
  m_PrefabAsset: {fileID: 0}
  serializedVersion: 6
  m_Component:
  - component: {fileID: 7129481437895482712}
  - component: {fileID: 3946146978940107899}
  - component: {fileID: 7323840099959012021}
  - component: {fileID: 6270742850157911706}
  m_Layer: 0
  m_Name: cm
  m_TagString: Untagged
  m_Icon: {fileID: 0}
  m_NavMeshLayer: 0
  m_StaticEditorFlags: 0
  m_IsActive: 1
--- !u!4 &7129481437895482712
Transform:
  m_ObjectHideFlags: 0
  m_CorrespondingSourceObject: {fileID: 0}
  m_PrefabInstance: {fileID: 0}
  m_PrefabAsset: {fileID: 0}
  m_GameObject: {fileID: 5700552705774345109}
  serializedVersion: 2
  m_LocalRotation: {x: -0, y: -0, z: -0, w: 1}
  m_LocalPosition: {x: 0, y: 0, z: 0}
  m_LocalScale: {x: 1, y: 1, z: 1}
  m_ConstrainProportionsScale: 0
  m_Children: []
  m_Father: {fileID: 3076187779250003531}
  m_LocalEulerAnglesHint: {x: 0, y: 0, z: 0}
--- !u!114 &3946146978940107899
MonoBehaviour:
  m_ObjectHideFlags: 0
  m_CorrespondingSourceObject: {fileID: 0}
  m_PrefabInstance: {fileID: 0}
  m_PrefabAsset: {fileID: 0}
  m_GameObject: {fileID: 5700552705774345109}
  m_Enabled: 1
  m_EditorHideFlags: 0
  m_Script: {fileID: 11500000, guid: ac0b09e7857660247b1477e93731de29, type: 3}
  m_Name: 
  m_EditorClassIdentifier: 
--- !u!114 &7323840099959012021
MonoBehaviour:
  m_ObjectHideFlags: 0
  m_CorrespondingSourceObject: {fileID: 0}
  m_PrefabInstance: {fileID: 0}
  m_PrefabAsset: {fileID: 0}
  m_GameObject: {fileID: 5700552705774345109}
  m_Enabled: 1
  m_EditorHideFlags: 0
  m_Script: {fileID: 11500000, guid: 9384ab8608cdc3d479fe89cd51eed48f, type: 3}
  m_Name: 
  m_EditorClassIdentifier: 
  m_BindingMode: 5
  m_FollowOffset: {x: 0, y: 0.5, z: -3}
  m_XDamping: 1
  m_YDamping: 1
  m_ZDamping: 1
  m_AngularDampingMode: 0
  m_PitchDamping: 0
  m_YawDamping: 0
  m_RollDamping: 0
  m_AngularDamping: 0
  m_Heading:
    m_Definition: 2
    m_VelocityFilterStrength: 4
    m_Bias: 0
  m_RecenterToTargetHeading:
    m_enabled: 0
    m_WaitTime: 1
    m_RecenteringTime: 2
    m_LegacyHeadingDefinition: -1
    m_LegacyVelocityFilterStrength: -1
  m_XAxis:
    Value: 0
    m_SpeedMode: 0
    m_MaxSpeed: 300
    m_AccelTime: 0.1
    m_DecelTime: 0.1
    m_InputAxisName: 
    m_InputAxisValue: 0
    m_InvertInput: 1
    m_MinValue: -180
    m_MaxValue: 180
    m_Wrap: 1
    m_Recentering:
      m_enabled: 0
      m_WaitTime: 1
      m_RecenteringTime: 2
      m_LegacyHeadingDefinition: -1
      m_LegacyVelocityFilterStrength: -1
  m_LegacyRadius: 3.4028235e+38
  m_LegacyHeightOffset: 3.4028235e+38
  m_LegacyHeadingBias: 3.4028235e+38
  m_HeadingIsSlave: 1
--- !u!114 &6270742850157911706
MonoBehaviour:
  m_ObjectHideFlags: 0
  m_CorrespondingSourceObject: {fileID: 0}
  m_PrefabInstance: {fileID: 0}
  m_PrefabAsset: {fileID: 0}
  m_GameObject: {fileID: 5700552705774345109}
  m_Enabled: 1
  m_EditorHideFlags: 0
  m_Script: {fileID: 11500000, guid: f4044717213e31446939f7bd49c896ea, type: 3}
  m_Name: 
  m_EditorClassIdentifier: 
  m_TrackedObjectOffset: {x: 0, y: 0, z: 0}
  m_LookaheadTime: 0
  m_LookaheadSmoothing: 0
  m_LookaheadIgnoreY: 0
  m_HorizontalDamping: 0
  m_VerticalDamping: 0
  m_ScreenX: 0.5
  m_ScreenY: 0.6
  m_DeadZoneWidth: 0
  m_DeadZoneHeight: 0
  m_SoftZoneWidth: 0.8
  m_SoftZoneHeight: 0.8
  m_BiasX: 0
  m_BiasY: 0
  m_CenterOnActivate: 1
--- !u!1 &7328850835359552868
GameObject:
  m_ObjectHideFlags: 0
  m_CorrespondingSourceObject: {fileID: 0}
  m_PrefabInstance: {fileID: 0}
  m_PrefabAsset: {fileID: 0}
  serializedVersion: 6
  m_Component:
  - component: {fileID: 4164169889486084690}
  - component: {fileID: 7543675553568139765}
  - component: {fileID: 5677533776173712866}
  - component: {fileID: 1578029152968490991}
  m_Layer: 0
  m_Name: cm
  m_TagString: Untagged
  m_Icon: {fileID: 0}
  m_NavMeshLayer: 0
  m_StaticEditorFlags: 0
  m_IsActive: 1
--- !u!4 &4164169889486084690
Transform:
  m_ObjectHideFlags: 0
  m_CorrespondingSourceObject: {fileID: 0}
  m_PrefabInstance: {fileID: 0}
  m_PrefabAsset: {fileID: 0}
  m_GameObject: {fileID: 7328850835359552868}
  serializedVersion: 2
  m_LocalRotation: {x: -0, y: -0, z: -0, w: 1}
  m_LocalPosition: {x: 0, y: 0, z: 0}
  m_LocalScale: {x: 1, y: 1, z: 1}
  m_ConstrainProportionsScale: 0
  m_Children: []
  m_Father: {fileID: 8527581681478907350}
  m_LocalEulerAnglesHint: {x: 0, y: 0, z: 0}
--- !u!114 &7543675553568139765
MonoBehaviour:
  m_ObjectHideFlags: 0
  m_CorrespondingSourceObject: {fileID: 0}
  m_PrefabInstance: {fileID: 0}
  m_PrefabAsset: {fileID: 0}
  m_GameObject: {fileID: 7328850835359552868}
  m_Enabled: 1
  m_EditorHideFlags: 0
  m_Script: {fileID: 11500000, guid: ac0b09e7857660247b1477e93731de29, type: 3}
  m_Name: 
  m_EditorClassIdentifier: 
--- !u!114 &5677533776173712866
MonoBehaviour:
  m_ObjectHideFlags: 0
  m_CorrespondingSourceObject: {fileID: 0}
  m_PrefabInstance: {fileID: 0}
  m_PrefabAsset: {fileID: 0}
  m_GameObject: {fileID: 7328850835359552868}
  m_Enabled: 1
  m_EditorHideFlags: 0
  m_Script: {fileID: 11500000, guid: 9384ab8608cdc3d479fe89cd51eed48f, type: 3}
  m_Name: 
  m_EditorClassIdentifier: 
  m_BindingMode: 5
  m_FollowOffset: {x: 0, y: 0.5, z: -3}
  m_XDamping: 1
  m_YDamping: 1
  m_ZDamping: 1
  m_AngularDampingMode: 0
  m_PitchDamping: 0
  m_YawDamping: 0
  m_RollDamping: 0
  m_AngularDamping: 0
  m_Heading:
    m_Definition: 2
    m_VelocityFilterStrength: 4
    m_Bias: 0
  m_RecenterToTargetHeading:
    m_enabled: 0
    m_WaitTime: 1
    m_RecenteringTime: 2
    m_LegacyHeadingDefinition: -1
    m_LegacyVelocityFilterStrength: -1
  m_XAxis:
    Value: 0
    m_SpeedMode: 0
    m_MaxSpeed: 300
    m_AccelTime: 0.1
    m_DecelTime: 0.1
    m_InputAxisName: 
    m_InputAxisValue: 0
    m_InvertInput: 1
    m_MinValue: -180
    m_MaxValue: 180
    m_Wrap: 1
    m_Recentering:
      m_enabled: 0
      m_WaitTime: 1
      m_RecenteringTime: 2
      m_LegacyHeadingDefinition: -1
      m_LegacyVelocityFilterStrength: -1
  m_LegacyRadius: 3.4028235e+38
  m_LegacyHeightOffset: 3.4028235e+38
  m_LegacyHeadingBias: 3.4028235e+38
  m_HeadingIsSlave: 1
--- !u!114 &1578029152968490991
MonoBehaviour:
  m_ObjectHideFlags: 0
  m_CorrespondingSourceObject: {fileID: 0}
  m_PrefabInstance: {fileID: 0}
  m_PrefabAsset: {fileID: 0}
  m_GameObject: {fileID: 7328850835359552868}
  m_Enabled: 1
  m_EditorHideFlags: 0
  m_Script: {fileID: 11500000, guid: f4044717213e31446939f7bd49c896ea, type: 3}
  m_Name: 
  m_EditorClassIdentifier: 
  m_TrackedObjectOffset: {x: 0, y: 0, z: 0}
  m_LookaheadTime: 0
  m_LookaheadSmoothing: 0
  m_LookaheadIgnoreY: 0
  m_HorizontalDamping: 0
  m_VerticalDamping: 0
  m_ScreenX: 0.5
  m_ScreenY: 0.5
  m_DeadZoneWidth: 0
  m_DeadZoneHeight: 0
  m_SoftZoneWidth: 0.8
  m_SoftZoneHeight: 0.8
  m_BiasX: 0
  m_BiasY: 0
  m_CenterOnActivate: 1
--- !u!1 &7476666308827359312
GameObject:
  m_ObjectHideFlags: 0
  m_CorrespondingSourceObject: {fileID: 0}
  m_PrefabInstance: {fileID: 0}
  m_PrefabAsset: {fileID: 0}
  serializedVersion: 6
  m_Component:
  - component: {fileID: 3573833704308470887}
  - component: {fileID: 6596327242028672036}
  - component: {fileID: 8376797390298718971}
  m_Layer: 0
  m_Name: TeamMateChaserDetecter
  m_TagString: Untagged
  m_Icon: {fileID: 0}
  m_NavMeshLayer: 0
  m_StaticEditorFlags: 0
  m_IsActive: 1
--- !u!4 &3573833704308470887
Transform:
  m_ObjectHideFlags: 0
  m_CorrespondingSourceObject: {fileID: 0}
  m_PrefabInstance: {fileID: 0}
  m_PrefabAsset: {fileID: 0}
  m_GameObject: {fileID: 7476666308827359312}
  serializedVersion: 2
  m_LocalRotation: {x: 0, y: 0, z: 0, w: 1}
  m_LocalPosition: {x: 0, y: 0, z: 0}
  m_LocalScale: {x: 1, y: 1, z: 1}
  m_ConstrainProportionsScale: 0
  m_Children: []
  m_Father: {fileID: 5110627311439493602}
  m_LocalEulerAnglesHint: {x: 0, y: 0, z: 0}
--- !u!65 &6596327242028672036
BoxCollider:
  m_ObjectHideFlags: 0
  m_CorrespondingSourceObject: {fileID: 0}
  m_PrefabInstance: {fileID: 0}
  m_PrefabAsset: {fileID: 0}
  m_GameObject: {fileID: 7476666308827359312}
  m_Material: {fileID: 0}
  m_IncludeLayers:
    serializedVersion: 2
    m_Bits: 0
  m_ExcludeLayers:
    serializedVersion: 2
    m_Bits: 0
  m_LayerOverridePriority: 0
  m_IsTrigger: 1
  m_ProvidesContacts: 0
  m_Enabled: 1
  serializedVersion: 3
  m_Size: {x: 20, y: 10, z: 20}
  m_Center: {x: 0, y: 0, z: 10}
--- !u!114 &8376797390298718971
MonoBehaviour:
  m_ObjectHideFlags: 0
  m_CorrespondingSourceObject: {fileID: 0}
  m_PrefabInstance: {fileID: 0}
  m_PrefabAsset: {fileID: 0}
  m_GameObject: {fileID: 7476666308827359312}
  m_Enabled: 1
  m_EditorHideFlags: 0
  m_Script: {fileID: 11500000, guid: 439ff63ac59b8ad4a9d9493c07a17813, type: 3}
  m_Name: 
  m_EditorClassIdentifier: 
  chaserPlayer: {fileID: 8719501627712369731}
--- !u!1 &8071283909025536479
GameObject:
  m_ObjectHideFlags: 0
  m_CorrespondingSourceObject: {fileID: 0}
  m_PrefabInstance: {fileID: 0}
  m_PrefabAsset: {fileID: 0}
  serializedVersion: 6
  m_Component:
  - component: {fileID: 5183885251026981772}
  - component: {fileID: 8688359477854383045}
  m_Layer: 0
  m_Name: ThirdPersonCam
  m_TagString: Untagged
  m_Icon: {fileID: 0}
  m_NavMeshLayer: 0
  m_StaticEditorFlags: 0
  m_IsActive: 1
--- !u!4 &5183885251026981772
Transform:
  m_ObjectHideFlags: 0
  m_CorrespondingSourceObject: {fileID: 0}
  m_PrefabInstance: {fileID: 0}
  m_PrefabAsset: {fileID: 0}
  m_GameObject: {fileID: 8071283909025536479}
  serializedVersion: 2
  m_LocalRotation: {x: -0, y: -0, z: -0, w: 1}
  m_LocalPosition: {x: -1.6599798, y: 1.189, z: 2.9312687}
  m_LocalScale: {x: 1, y: 1, z: 1}
  m_ConstrainProportionsScale: 0
  m_Children:
  - {fileID: 8527581681478907350}
  - {fileID: 5201335805804158838}
  - {fileID: 3076187779250003531}
  m_Father: {fileID: 5110627311439493602}
  m_LocalEulerAnglesHint: {x: 0, y: 0, z: 0}
--- !u!114 &8688359477854383045
MonoBehaviour:
  m_ObjectHideFlags: 0
  m_CorrespondingSourceObject: {fileID: 0}
  m_PrefabInstance: {fileID: 0}
  m_PrefabAsset: {fileID: 0}
  m_GameObject: {fileID: 8071283909025536479}
  m_Enabled: 1
  m_EditorHideFlags: 0
  m_Script: {fileID: 11500000, guid: 319d2fe34a804e245819465c9505ea59, type: 3}
  m_Name: 
  m_EditorClassIdentifier: 
  m_ExcludedPropertiesInInspector:
  - m_Script
  m_LockStageInInspector: 
  m_StreamingVersion: 20170927
  m_Priority: 1
  m_StandbyUpdate: 2
  m_LookAt: {fileID: 5110627309888526313}
  m_Follow: {fileID: 5110627309888526313}
  m_CommonLens: 1
  m_Lens:
    FieldOfView: 40
    OrthographicSize: 10
    NearClipPlane: 0.1
    FarClipPlane: 5000
    Dutch: 0
    ModeOverride: 0
    LensShift: {x: 0, y: 0}
    GateFit: 2
    FocusDistance: 10
    m_SensorSize: {x: 1, y: 1}
  m_Transitions:
    m_BlendHint: 0
    m_InheritPosition: 0
    m_OnCameraLive:
      m_PersistentCalls:
        m_Calls: []
  m_LegacyBlendHint: 0
  m_YAxis:
    Value: 0.5
    m_SpeedMode: 0
    m_MaxSpeed: 2
    m_AccelTime: 0.2
    m_DecelTime: 0.1
    m_InputAxisName: 
    m_InputAxisValue: 0
    m_InvertInput: 0
    m_MinValue: 0
    m_MaxValue: 1
    m_Wrap: 0
    m_Recentering:
      m_enabled: 0
      m_WaitTime: 1
      m_RecenteringTime: 2
      m_LegacyHeadingDefinition: -1
      m_LegacyVelocityFilterStrength: -1
  m_YAxisRecentering:
    m_enabled: 0
    m_WaitTime: 1
    m_RecenteringTime: 2
    m_LegacyHeadingDefinition: -1
    m_LegacyVelocityFilterStrength: -1
  m_XAxis:
    Value: 0
    m_SpeedMode: 0
    m_MaxSpeed: 300
    m_AccelTime: 0.1
    m_DecelTime: 0.1
    m_InputAxisName: 
    m_InputAxisValue: 0
    m_InvertInput: 1
    m_MinValue: -180
    m_MaxValue: 180
    m_Wrap: 1
    m_Recentering:
      m_enabled: 0
      m_WaitTime: 1
      m_RecenteringTime: 2
      m_LegacyHeadingDefinition: -1
      m_LegacyVelocityFilterStrength: -1
  m_Heading:
    m_Definition: 2
    m_VelocityFilterStrength: 4
    m_Bias: 0
  m_RecenterToTargetHeading:
    m_enabled: 0
    m_WaitTime: 1
    m_RecenteringTime: 2
    m_LegacyHeadingDefinition: -1
    m_LegacyVelocityFilterStrength: -1
  m_BindingMode: 5
  m_SplineCurvature: 0.217
  m_Orbits:
  - m_Height: 2
    m_Radius: 1.75
  - m_Height: 0.5
    m_Radius: 3
  - m_Height: -1
    m_Radius: 1.75
  m_LegacyHeadingBias: 3.4028235e+38
  m_Rigs:
  - {fileID: 3739950122799839721}
  - {fileID: 7032382875154950125}
  - {fileID: 8937030118682095959}
--- !u!1 &8648020481056053497
GameObject:
  m_ObjectHideFlags: 3
  m_CorrespondingSourceObject: {fileID: 0}
  m_PrefabInstance: {fileID: 0}
  m_PrefabAsset: {fileID: 0}
  serializedVersion: 6
  m_Component:
  - component: {fileID: 5201335805804158838}
  - component: {fileID: 7032382875154950125}
  m_Layer: 0
  m_Name: MiddleRig
  m_TagString: Untagged
  m_Icon: {fileID: 0}
  m_NavMeshLayer: 0
  m_StaticEditorFlags: 0
  m_IsActive: 1
--- !u!4 &5201335805804158838
Transform:
  m_ObjectHideFlags: 3
  m_CorrespondingSourceObject: {fileID: 0}
  m_PrefabInstance: {fileID: 0}
  m_PrefabAsset: {fileID: 0}
  m_GameObject: {fileID: 8648020481056053497}
  serializedVersion: 2
  m_LocalRotation: {x: 0.022369519, y: 0.9536526, z: -0.07331246, w: 0.2909839}
  m_LocalPosition: {x: 0, y: 0, z: 0}
  m_LocalScale: {x: 1, y: 1, z: 1}
  m_ConstrainProportionsScale: 0
  m_Children:
  - {fileID: 8598794697152382719}
  m_Father: {fileID: 5183885251026981772}
  m_LocalEulerAnglesHint: {x: 0, y: 0, z: 0}
--- !u!114 &7032382875154950125
MonoBehaviour:
  m_ObjectHideFlags: 3
  m_CorrespondingSourceObject: {fileID: 0}
  m_PrefabInstance: {fileID: 0}
  m_PrefabAsset: {fileID: 0}
  m_GameObject: {fileID: 8648020481056053497}
  m_Enabled: 1
  m_EditorHideFlags: 0
  m_Script: {fileID: 11500000, guid: 45e653bab7fb20e499bda25e1b646fea, type: 3}
  m_Name: 
  m_EditorClassIdentifier: 
  m_ExcludedPropertiesInInspector:
  - m_Script
  - Header
  - Extensions
  - m_Priority
  - m_Transitions
  - m_Follow
  - m_StandbyUpdate
  - m_Lens
  m_LockStageInInspector: 00000000
  m_StreamingVersion: 20170927
  m_Priority: 10
  m_StandbyUpdate: 2
  m_LookAt: {fileID: 0}
  m_Follow: {fileID: 0}
  m_Lens:
    FieldOfView: 40
    OrthographicSize: 10
    NearClipPlane: 0.1
    FarClipPlane: 5000
    Dutch: 0
    ModeOverride: 0
    LensShift: {x: 0, y: 0}
    GateFit: 2
    FocusDistance: 10
    m_SensorSize: {x: 1, y: 1}
  m_Transitions:
    m_BlendHint: 0
    m_InheritPosition: 0
    m_OnCameraLive:
      m_PersistentCalls:
        m_Calls: []
  m_LegacyBlendHint: 0
  m_ComponentOwner: {fileID: 8598794697152382719}
--- !u!1001 &4265176259377035135
PrefabInstance:
  m_ObjectHideFlags: 0
  serializedVersion: 2
  m_Modification:
    serializedVersion: 3
    m_TransformParent: {fileID: 0}
    m_Modifications:
    - target: {fileID: 1335920988109996549, guid: c1cbdc8cf50373c4daadf897567457e6,
        type: 3}
      propertyPath: m_LocalPosition.y
      value: 0
      objectReference: {fileID: 0}
    - target: {fileID: 1335920988109996549, guid: c1cbdc8cf50373c4daadf897567457e6,
        type: 3}
      propertyPath: m_LocalPosition.z
      value: 0
      objectReference: {fileID: 0}
    - target: {fileID: 1335920988109996549, guid: c1cbdc8cf50373c4daadf897567457e6,
        type: 3}
      propertyPath: m_LocalRotation.w
      value: 0.998459
      objectReference: {fileID: 0}
    - target: {fileID: 1335920988109996549, guid: c1cbdc8cf50373c4daadf897567457e6,
        type: 3}
      propertyPath: m_LocalRotation.x
      value: 0.049798764
      objectReference: {fileID: 0}
    - target: {fileID: 1335920988109996549, guid: c1cbdc8cf50373c4daadf897567457e6,
        type: 3}
      propertyPath: m_LocalRotation.y
      value: 0.024459735
      objectReference: {fileID: 0}
    - target: {fileID: 1335920988109996549, guid: c1cbdc8cf50373c4daadf897567457e6,
        type: 3}
      propertyPath: m_LocalRotation.z
      value: -0.0012199446
      objectReference: {fileID: 0}
    - target: {fileID: 1335920988180717032, guid: c1cbdc8cf50373c4daadf897567457e6,
        type: 3}
      propertyPath: m_LocalPosition.y
      value: 0
      objectReference: {fileID: 0}
    - target: {fileID: 1335920988180717032, guid: c1cbdc8cf50373c4daadf897567457e6,
        type: 3}
      propertyPath: m_LocalPosition.z
      value: 0
      objectReference: {fileID: 0}
    - target: {fileID: 1335920988180717032, guid: c1cbdc8cf50373c4daadf897567457e6,
        type: 3}
      propertyPath: m_LocalRotation.w
      value: 0.99934006
      objectReference: {fileID: 0}
    - target: {fileID: 1335920988180717032, guid: c1cbdc8cf50373c4daadf897567457e6,
        type: 3}
      propertyPath: m_LocalRotation.x
      value: -0.036324956
      objectReference: {fileID: 0}
    - target: {fileID: 1335920988180717032, guid: c1cbdc8cf50373c4daadf897567457e6,
        type: 3}
      propertyPath: m_LocalRotation.y
      value: -0.0000000040360013
      objectReference: {fileID: 0}
    - target: {fileID: 1335920988180717032, guid: c1cbdc8cf50373c4daadf897567457e6,
        type: 3}
      propertyPath: m_LocalRotation.z
      value: -1.9245405e-10
      objectReference: {fileID: 0}
    - target: {fileID: 1335920988455904949, guid: c1cbdc8cf50373c4daadf897567457e6,
        type: 3}
      propertyPath: m_LocalPosition.y
      value: 0
      objectReference: {fileID: 0}
    - target: {fileID: 1335920988455904949, guid: c1cbdc8cf50373c4daadf897567457e6,
        type: 3}
      propertyPath: m_LocalPosition.z
      value: 0
      objectReference: {fileID: 0}
    - target: {fileID: 1335920988455904949, guid: c1cbdc8cf50373c4daadf897567457e6,
        type: 3}
      propertyPath: m_LocalRotation.w
      value: 0.9998346
      objectReference: {fileID: 0}
    - target: {fileID: 1335920988455904949, guid: c1cbdc8cf50373c4daadf897567457e6,
        type: 3}
      propertyPath: m_LocalRotation.x
      value: -0.018189494
      objectReference: {fileID: 0}
    - target: {fileID: 1335920988455904949, guid: c1cbdc8cf50373c4daadf897567457e6,
        type: 3}
      propertyPath: m_LocalRotation.y
      value: 3.1311606e-10
      objectReference: {fileID: 0}
    - target: {fileID: 1335920988455904949, guid: c1cbdc8cf50373c4daadf897567457e6,
        type: 3}
      propertyPath: m_LocalRotation.z
      value: -4.517191e-11
      objectReference: {fileID: 0}
    - target: {fileID: 1335920989710196187, guid: c1cbdc8cf50373c4daadf897567457e6,
        type: 3}
      propertyPath: m_Priority
      value: 0
      objectReference: {fileID: 0}
    - target: {fileID: 1335920989710196187, guid: c1cbdc8cf50373c4daadf897567457e6,
        type: 3}
      propertyPath: m_Rigs.Array.size
      value: 3
      objectReference: {fileID: 0}
    - target: {fileID: 1335920989710196187, guid: c1cbdc8cf50373c4daadf897567457e6,
        type: 3}
      propertyPath: m_Orbits.Array.data[1].m_Radius
      value: 5
      objectReference: {fileID: 0}
    - target: {fileID: 1335920989710196188, guid: c1cbdc8cf50373c4daadf897567457e6,
        type: 3}
      propertyPath: m_LocalPosition.x
      value: -0.028
      objectReference: {fileID: 0}
    - target: {fileID: 1335920989710196188, guid: c1cbdc8cf50373c4daadf897567457e6,
        type: 3}
      propertyPath: m_LocalPosition.y
      value: 1.189
      objectReference: {fileID: 0}
    - target: {fileID: 1335920989710196188, guid: c1cbdc8cf50373c4daadf897567457e6,
        type: 3}
      propertyPath: m_LocalPosition.z
      value: -4.586
      objectReference: {fileID: 0}
    - target: {fileID: 9069241687334911031, guid: c1cbdc8cf50373c4daadf897567457e6,
        type: 3}
      propertyPath: m_LocalRotation.w
      value: 1
      objectReference: {fileID: 0}
    - target: {fileID: 9069241687334911031, guid: c1cbdc8cf50373c4daadf897567457e6,
        type: 3}
      propertyPath: m_LocalRotation.x
      value: 0
      objectReference: {fileID: 0}
    - target: {fileID: 9069241687334911031, guid: c1cbdc8cf50373c4daadf897567457e6,
        type: 3}
      propertyPath: m_LocalRotation.y
      value: 0
      objectReference: {fileID: 0}
    - target: {fileID: 9069241687334911031, guid: c1cbdc8cf50373c4daadf897567457e6,
        type: 3}
      propertyPath: m_LocalRotation.z
      value: 0
      objectReference: {fileID: 0}
    - target: {fileID: 9069241687831367319, guid: c1cbdc8cf50373c4daadf897567457e6,
        type: 3}
      propertyPath: m_IsTrigger
      value: 1
      objectReference: {fileID: 0}
    - target: {fileID: 9069241687831367325, guid: c1cbdc8cf50373c4daadf897567457e6,
        type: 3}
      propertyPath: m_RootOrder
      value: 0
      objectReference: {fileID: 0}
    - target: {fileID: 9069241687831367325, guid: c1cbdc8cf50373c4daadf897567457e6,
        type: 3}
      propertyPath: m_LocalPosition.x
      value: 0
      objectReference: {fileID: 0}
    - target: {fileID: 9069241687831367325, guid: c1cbdc8cf50373c4daadf897567457e6,
        type: 3}
      propertyPath: m_LocalPosition.y
      value: 0
      objectReference: {fileID: 0}
    - target: {fileID: 9069241687831367325, guid: c1cbdc8cf50373c4daadf897567457e6,
        type: 3}
      propertyPath: m_LocalPosition.z
      value: 0
      objectReference: {fileID: 0}
    - target: {fileID: 9069241687831367325, guid: c1cbdc8cf50373c4daadf897567457e6,
        type: 3}
      propertyPath: m_LocalRotation.w
      value: 1
      objectReference: {fileID: 0}
    - target: {fileID: 9069241687831367325, guid: c1cbdc8cf50373c4daadf897567457e6,
        type: 3}
      propertyPath: m_LocalRotation.x
      value: 0
      objectReference: {fileID: 0}
    - target: {fileID: 9069241687831367325, guid: c1cbdc8cf50373c4daadf897567457e6,
        type: 3}
      propertyPath: m_LocalRotation.y
      value: 0
      objectReference: {fileID: 0}
    - target: {fileID: 9069241687831367325, guid: c1cbdc8cf50373c4daadf897567457e6,
        type: 3}
      propertyPath: m_LocalRotation.z
      value: 0
      objectReference: {fileID: 0}
    - target: {fileID: 9069241687831367325, guid: c1cbdc8cf50373c4daadf897567457e6,
        type: 3}
      propertyPath: m_LocalEulerAnglesHint.x
      value: 0
      objectReference: {fileID: 0}
    - target: {fileID: 9069241687831367325, guid: c1cbdc8cf50373c4daadf897567457e6,
        type: 3}
      propertyPath: m_LocalEulerAnglesHint.y
      value: 0
      objectReference: {fileID: 0}
    - target: {fileID: 9069241687831367325, guid: c1cbdc8cf50373c4daadf897567457e6,
        type: 3}
      propertyPath: m_LocalEulerAnglesHint.z
      value: 0
      objectReference: {fileID: 0}
    - target: {fileID: 9069241687831367326, guid: c1cbdc8cf50373c4daadf897567457e6,
        type: 3}
      propertyPath: m_Name
      value: ChaserPlayer
      objectReference: {fileID: 0}
    m_RemovedComponents:
    - {fileID: 9069241687831367316, guid: c1cbdc8cf50373c4daadf897567457e6, type: 3}
    - {fileID: 1335920988795372366, guid: c1cbdc8cf50373c4daadf897567457e6, type: 3}
    - {fileID: 1335920988795372365, guid: c1cbdc8cf50373c4daadf897567457e6, type: 3}
    - {fileID: 1335920988109996548, guid: c1cbdc8cf50373c4daadf897567457e6, type: 3}
    - {fileID: 1335920988484663763, guid: c1cbdc8cf50373c4daadf897567457e6, type: 3}
    - {fileID: 1335920988484663762, guid: c1cbdc8cf50373c4daadf897567457e6, type: 3}
    - {fileID: 1335920988455904948, guid: c1cbdc8cf50373c4daadf897567457e6, type: 3}
    - {fileID: 1335920988107443944, guid: c1cbdc8cf50373c4daadf897567457e6, type: 3}
    - {fileID: 1335920988107443943, guid: c1cbdc8cf50373c4daadf897567457e6, type: 3}
    - {fileID: 1335920988180717031, guid: c1cbdc8cf50373c4daadf897567457e6, type: 3}
    m_RemovedGameObjects:
    - {fileID: 1707422350932895660, guid: c1cbdc8cf50373c4daadf897567457e6, type: 3}
    - {fileID: 1335920989710196186, guid: c1cbdc8cf50373c4daadf897567457e6, type: 3}
    m_AddedGameObjects:
    - targetCorrespondingSourceObject: {fileID: 9069241687831367325, guid: c1cbdc8cf50373c4daadf897567457e6,
        type: 3}
      insertIndex: 0
      addedObject: {fileID: 5183885251026981772}
    - targetCorrespondingSourceObject: {fileID: 9069241687831367325, guid: c1cbdc8cf50373c4daadf897567457e6,
        type: 3}
      insertIndex: -1
      addedObject: {fileID: 7464994752546514208}
    - targetCorrespondingSourceObject: {fileID: 9069241687831367325, guid: c1cbdc8cf50373c4daadf897567457e6,
        type: 3}
      insertIndex: -1
      addedObject: {fileID: 3573833704308470887}
    - targetCorrespondingSourceObject: {fileID: 9069241687831367325, guid: c1cbdc8cf50373c4daadf897567457e6,
        type: 3}
      insertIndex: -1
      addedObject: {fileID: 1381182617437643169}
    m_AddedComponents:
    - targetCorrespondingSourceObject: {fileID: 9069241687831367326, guid: c1cbdc8cf50373c4daadf897567457e6,
        type: 3}
      insertIndex: -1
      addedObject: {fileID: 8719501627712369731}
    - targetCorrespondingSourceObject: {fileID: 9069241687831367326, guid: c1cbdc8cf50373c4daadf897567457e6,
        type: 3}
      insertIndex: -1
      addedObject: {fileID: 8453204916653730539}
  m_SourcePrefab: {fileID: 100100000, guid: c1cbdc8cf50373c4daadf897567457e6, type: 3}
--- !u!4 &5110627309888526313 stripped
Transform:
  m_CorrespondingSourceObject: {fileID: 9069241688576762006, guid: c1cbdc8cf50373c4daadf897567457e6,
    type: 3}
  m_PrefabInstance: {fileID: 4265176259377035135}
  m_PrefabAsset: {fileID: 0}
--- !u!4 &5110627310929316680 stripped
Transform:
  m_CorrespondingSourceObject: {fileID: 9069241687334911031, guid: c1cbdc8cf50373c4daadf897567457e6,
    type: 3}
  m_PrefabInstance: {fileID: 4265176259377035135}
  m_PrefabAsset: {fileID: 0}
--- !u!1 &5110627311439493601 stripped
GameObject:
  m_CorrespondingSourceObject: {fileID: 9069241687831367326, guid: c1cbdc8cf50373c4daadf897567457e6,
    type: 3}
  m_PrefabInstance: {fileID: 4265176259377035135}
  m_PrefabAsset: {fileID: 0}
--- !u!114 &8719501627712369731
MonoBehaviour:
  m_ObjectHideFlags: 0
  m_CorrespondingSourceObject: {fileID: 0}
  m_PrefabInstance: {fileID: 0}
  m_PrefabAsset: {fileID: 0}
  m_GameObject: {fileID: 5110627311439493601}
  m_Enabled: 1
  m_EditorHideFlags: 0
  m_Script: {fileID: 11500000, guid: 1e515fe5c7f49cc4b916af966afa5129, type: 3}
  m_Name: 
  m_EditorClassIdentifier: 
  iAmHoldingBall: 0
  ballHoldingPosition: {fileID: 5110627310929316680}
  defaultFlySpeed: 10
  MovementSpeed: 50
  aimSpeed: 0
  myCamera: {fileID: 0}
  catchingSphereCastStartingPoint: {fileID: 7464994752546514208}
  teamMateChaserDetecter: {fileID: 8376797390298718971}
  enemyChaserDetecter: {fileID: 9205292361967808350}
  catchingButton: {fileID: 0}
  playersICanPassTo: []
  enemyGoalPosts:
  - {fileID: 0}
  - {fileID: 0}
  - {fileID: 0}
  enemyChaseres: []
  goalsLayerMask:
    serializedVersion: 2
    m_Bits: 64
  selectedGoal: {fileID: 0}
--- !u!54 &8453204916653730539
Rigidbody:
  m_ObjectHideFlags: 0
  m_CorrespondingSourceObject: {fileID: 0}
  m_PrefabInstance: {fileID: 0}
  m_PrefabAsset: {fileID: 0}
  m_GameObject: {fileID: 5110627311439493601}
  serializedVersion: 4
  m_Mass: 1
  m_Drag: 0
  m_AngularDrag: 0.05
  m_CenterOfMass: {x: 0, y: 0, z: 0}
  m_InertiaTensor: {x: 1, y: 1, z: 1}
  m_InertiaRotation: {x: 0, y: 0, z: 0, w: 1}
  m_IncludeLayers:
    serializedVersion: 2
    m_Bits: 0
  m_ExcludeLayers:
    serializedVersion: 2
    m_Bits: 0
  m_ImplicitCom: 1
  m_ImplicitTensor: 1
  m_UseGravity: 0
  m_IsKinematic: 0
  m_Interpolate: 0
  m_Constraints: 0
  m_CollisionDetection: 0
--- !u!4 &5110627311439493602 stripped
Transform:
  m_CorrespondingSourceObject: {fileID: 9069241687831367325, guid: c1cbdc8cf50373c4daadf897567457e6,
    type: 3}
  m_PrefabInstance: {fileID: 4265176259377035135}
  m_PrefabAsset: {fileID: 0}
