%YAML 1.1
%TAG !u! tag:unity3d.com,2011:
--- !u!29 &1
OcclusionCullingSettings:
  m_ObjectHideFlags: 0
  serializedVersion: 2
  m_OcclusionBakeSettings:
    smallestOccluder: 5
    smallestHole: 0.25
    backfaceThreshold: 100
  m_SceneGUID: 00000000000000000000000000000000
  m_OcclusionCullingData: {fileID: 0}
--- !u!104 &2
RenderSettings:
  m_ObjectHideFlags: 0
  serializedVersion: 9
  m_Fog: 0
  m_FogColor: {r: 0.5, g: 0.5, b: 0.5, a: 1}
  m_FogMode: 3
  m_FogDensity: 0.01
  m_LinearFogStart: 0
  m_LinearFogEnd: 300
  m_AmbientSkyColor: {r: 0.212, g: 0.227, b: 0.259, a: 1}
  m_AmbientEquatorColor: {r: 0.114, g: 0.125, b: 0.133, a: 1}
  m_AmbientGroundColor: {r: 0.047, g: 0.043, b: 0.035, a: 1}
  m_AmbientIntensity: 1
  m_AmbientMode: 0
  m_SubtractiveShadowColor: {r: 0.42, g: 0.478, b: 0.627, a: 1}
  m_SkyboxMaterial: {fileID: 10304, guid: 0000000000000000f000000000000000, type: 0}
  m_HaloStrength: 0.5
  m_FlareStrength: 1
  m_FlareFadeSpeed: 3
  m_HaloTexture: {fileID: 0}
  m_SpotCookie: {fileID: 10001, guid: 0000000000000000e000000000000000, type: 0}
  m_DefaultReflectionMode: 0
  m_DefaultReflectionResolution: 128
  m_ReflectionBounces: 1
  m_ReflectionIntensity: 1
  m_CustomReflection: {fileID: 0}
  m_Sun: {fileID: 0}
  m_IndirectSpecularColor: {r: 0.18028331, g: 0.2257133, b: 0.3069217, a: 1}
  m_UseRadianceAmbientProbe: 0
--- !u!157 &3
LightmapSettings:
  m_ObjectHideFlags: 0
  serializedVersion: 12
  m_GIWorkflowMode: 1
  m_GISettings:
    serializedVersion: 2
    m_BounceScale: 1
    m_IndirectOutputScale: 1
    m_AlbedoBoost: 1
    m_EnvironmentLightingMode: 0
    m_EnableBakedLightmaps: 1
    m_EnableRealtimeLightmaps: 0
  m_LightmapEditorSettings:
    serializedVersion: 12
    m_Resolution: 2
    m_BakeResolution: 40
    m_AtlasSize: 1024
    m_AO: 0
    m_AOMaxDistance: 1
    m_CompAOExponent: 1
    m_CompAOExponentDirect: 0
    m_ExtractAmbientOcclusion: 0
    m_Padding: 2
    m_LightmapParameters: {fileID: 0}
    m_LightmapsBakeMode: 1
    m_TextureCompression: 1
    m_FinalGather: 0
    m_FinalGatherFiltering: 1
    m_FinalGatherRayCount: 256
    m_ReflectionCompression: 2
    m_MixedBakeMode: 2
    m_BakeBackend: 1
    m_PVRSampling: 1
    m_PVRDirectSampleCount: 32
    m_PVRSampleCount: 512
    m_PVRBounces: 2
    m_PVREnvironmentSampleCount: 256
    m_PVREnvironmentReferencePointCount: 2048
    m_PVRFilteringMode: 1
    m_PVRDenoiserTypeDirect: 1
    m_PVRDenoiserTypeIndirect: 1
    m_PVRDenoiserTypeAO: 1
    m_PVRFilterTypeDirect: 0
    m_PVRFilterTypeIndirect: 0
    m_PVRFilterTypeAO: 0
    m_PVREnvironmentMIS: 1
    m_PVRCulling: 1
    m_PVRFilteringGaussRadiusDirect: 1
    m_PVRFilteringGaussRadiusIndirect: 5
    m_PVRFilteringGaussRadiusAO: 2
    m_PVRFilteringAtrousPositionSigmaDirect: 0.5
    m_PVRFilteringAtrousPositionSigmaIndirect: 2
    m_PVRFilteringAtrousPositionSigmaAO: 1
    m_ExportTrainingData: 0
    m_TrainingDataDestination: TrainingData
    m_LightProbeSampleCountMultiplier: 4
  m_LightingDataAsset: {fileID: 0}
  m_LightingSettings: {fileID: 0}
--- !u!196 &4
NavMeshSettings:
  serializedVersion: 2
  m_ObjectHideFlags: 0
  m_BuildSettings:
    serializedVersion: 3
    agentTypeID: 0
    agentRadius: 0.5
    agentHeight: 2
    agentSlope: 45
    agentClimb: 0.4
    ledgeDropHeight: 0
    maxJumpAcrossDistance: 0
    minRegionArea: 2
    manualCellSize: 0
    cellSize: 0.16666667
    manualTileSize: 0
    tileSize: 256
    buildHeightMesh: 0
    maxJobWorkers: 0
    preserveTilesOutsideBounds: 0
    debug:
      m_Flags: 0
  m_NavMeshData: {fileID: 0}
--- !u!1 &75508621
GameObject:
  m_ObjectHideFlags: 0
  m_CorrespondingSourceObject: {fileID: 0}
  m_PrefabInstance: {fileID: 0}
  m_PrefabAsset: {fileID: 0}
  serializedVersion: 6
  m_Component:
  - component: {fileID: 75508622}
  - component: {fileID: 75508624}
  - component: {fileID: 75508623}
  m_Layer: 6
  m_Name: Sphere
  m_TagString: Untagged
  m_Icon: {fileID: 0}
  m_NavMeshLayer: 0
  m_StaticEditorFlags: 0
  m_IsActive: 1
--- !u!4 &75508622
Transform:
  m_ObjectHideFlags: 0
  m_CorrespondingSourceObject: {fileID: 0}
  m_PrefabInstance: {fileID: 0}
  m_PrefabAsset: {fileID: 0}
  m_GameObject: {fileID: 75508621}
  serializedVersion: 2
  m_LocalRotation: {x: 0, y: 0, z: 0, w: 1}
  m_LocalPosition: {x: 0, y: 0, z: 0}
  m_LocalScale: {x: 1.64, y: 1.65, z: 0.1}
  m_ConstrainProportionsScale: 0
  m_Children: []
  m_Father: {fileID: 277005731}
  m_LocalEulerAnglesHint: {x: 0, y: 0, z: 0}
--- !u!23 &75508623
MeshRenderer:
  m_ObjectHideFlags: 0
  m_CorrespondingSourceObject: {fileID: 0}
  m_PrefabInstance: {fileID: 0}
  m_PrefabAsset: {fileID: 0}
  m_GameObject: {fileID: 75508621}
  m_Enabled: 1
  m_CastShadows: 1
  m_ReceiveShadows: 1
  m_DynamicOccludee: 1
  m_StaticShadowCaster: 0
  m_MotionVectors: 1
  m_LightProbeUsage: 1
  m_ReflectionProbeUsage: 1
  m_RayTracingMode: 2
  m_RayTraceProcedural: 0
  m_RenderingLayerMask: 1
  m_RendererPriority: 0
  m_Materials:
  - {fileID: 2100000, guid: 1df8e8f0ec5576144ba0f70740471aa3, type: 2}
  m_StaticBatchInfo:
    firstSubMesh: 0
    subMeshCount: 0
  m_StaticBatchRoot: {fileID: 0}
  m_ProbeAnchor: {fileID: 0}
  m_LightProbeVolumeOverride: {fileID: 0}
  m_ScaleInLightmap: 1
  m_ReceiveGI: 1
  m_PreserveUVs: 0
  m_IgnoreNormalsForChartDetection: 0
  m_ImportantGI: 0
  m_StitchLightmapSeams: 1
  m_SelectedEditorRenderState: 3
  m_MinimumChartSize: 4
  m_AutoUVMaxDistance: 0.5
  m_AutoUVMaxAngle: 89
  m_LightmapParameters: {fileID: 0}
  m_SortingLayerID: 0
  m_SortingLayer: 0
  m_SortingOrder: 0
  m_AdditionalVertexStreams: {fileID: 0}
--- !u!33 &75508624
MeshFilter:
  m_ObjectHideFlags: 0
  m_CorrespondingSourceObject: {fileID: 0}
  m_PrefabInstance: {fileID: 0}
  m_PrefabAsset: {fileID: 0}
  m_GameObject: {fileID: 75508621}
  m_Mesh: {fileID: 10207, guid: 0000000000000000e000000000000000, type: 0}
--- !u!1 &277005730
GameObject:
  m_ObjectHideFlags: 0
  m_CorrespondingSourceObject: {fileID: 0}
  m_PrefabInstance: {fileID: 0}
  m_PrefabAsset: {fileID: 0}
  serializedVersion: 6
  m_Component:
  - component: {fileID: 277005731}
  - component: {fileID: 277005733}
  - component: {fileID: 277005732}
  m_Layer: 6
  m_Name: EnemyGoal1 (1)
  m_TagString: Untagged
  m_Icon: {fileID: 0}
  m_NavMeshLayer: 0
  m_StaticEditorFlags: 0
  m_IsActive: 1
--- !u!4 &277005731
Transform:
  m_ObjectHideFlags: 0
  m_CorrespondingSourceObject: {fileID: 0}
  m_PrefabInstance: {fileID: 0}
  m_PrefabAsset: {fileID: 0}
  m_GameObject: {fileID: 277005730}
  serializedVersion: 2
  m_LocalRotation: {x: 0, y: 0, z: 0, w: 1}
  m_LocalPosition: {x: -5.98, y: 15.06, z: 56}
  m_LocalScale: {x: 1, y: 1, z: 1}
  m_ConstrainProportionsScale: 0
  m_Children:
  - {fileID: 75508622}
  m_Father: {fileID: 608759924}
  m_LocalEulerAnglesHint: {x: 0, y: 0, z: 0}
--- !u!114 &277005732
MonoBehaviour:
  m_ObjectHideFlags: 0
  m_CorrespondingSourceObject: {fileID: 0}
  m_PrefabInstance: {fileID: 0}
  m_PrefabAsset: {fileID: 0}
  m_GameObject: {fileID: 277005730}
  m_Enabled: 1
  m_EditorHideFlags: 0
  m_Script: {fileID: 11500000, guid: 52ca41192df5bff48b6af46d5f74460c, type: 3}
  m_Name: 
  m_EditorClassIdentifier: 
  chaserPlayer: {fileID: 1936191317}
  goalVisual: {fileID: 75508622}
--- !u!135 &277005733
SphereCollider:
  m_ObjectHideFlags: 0
  m_CorrespondingSourceObject: {fileID: 0}
  m_PrefabInstance: {fileID: 0}
  m_PrefabAsset: {fileID: 0}
  m_GameObject: {fileID: 277005730}
  m_Material: {fileID: 0}
  m_IncludeLayers:
    serializedVersion: 2
    m_Bits: 0
  m_ExcludeLayers:
    serializedVersion: 2
    m_Bits: 0
  m_LayerOverridePriority: 0
  m_IsTrigger: 0
  m_ProvidesContacts: 0
  m_Enabled: 1
  serializedVersion: 3
  m_Radius: 0.78
  m_Center: {x: 0, y: 0, z: 0}
--- !u!1001 &303091927
PrefabInstance:
  m_ObjectHideFlags: 0
  serializedVersion: 2
  m_Modification:
    serializedVersion: 3
    m_TransformParent: {fileID: 0}
    m_Modifications:
    - target: {fileID: 3037379536143509181, guid: bd232c471e1a74742a7e2125e6e717cf,
        type: 3}
      propertyPath: m_Name
      value: BeaterPlayer
      objectReference: {fileID: 0}
    - target: {fileID: 3037379536143509182, guid: bd232c471e1a74742a7e2125e6e717cf,
        type: 3}
      propertyPath: m_LocalPosition.x
      value: 0
      objectReference: {fileID: 0}
    - target: {fileID: 3037379536143509182, guid: bd232c471e1a74742a7e2125e6e717cf,
        type: 3}
      propertyPath: m_LocalPosition.y
      value: 3
      objectReference: {fileID: 0}
    - target: {fileID: 3037379536143509182, guid: bd232c471e1a74742a7e2125e6e717cf,
        type: 3}
      propertyPath: m_LocalPosition.z
      value: 0
      objectReference: {fileID: 0}
    - target: {fileID: 3037379536143509182, guid: bd232c471e1a74742a7e2125e6e717cf,
        type: 3}
      propertyPath: m_LocalRotation.w
      value: 1
      objectReference: {fileID: 0}
    - target: {fileID: 3037379536143509182, guid: bd232c471e1a74742a7e2125e6e717cf,
        type: 3}
      propertyPath: m_LocalRotation.x
      value: 0
      objectReference: {fileID: 0}
    - target: {fileID: 3037379536143509182, guid: bd232c471e1a74742a7e2125e6e717cf,
        type: 3}
      propertyPath: m_LocalRotation.y
      value: 0
      objectReference: {fileID: 0}
    - target: {fileID: 3037379536143509182, guid: bd232c471e1a74742a7e2125e6e717cf,
        type: 3}
      propertyPath: m_LocalRotation.z
      value: 0
      objectReference: {fileID: 0}
    - target: {fileID: 3037379536143509182, guid: bd232c471e1a74742a7e2125e6e717cf,
        type: 3}
      propertyPath: m_LocalEulerAnglesHint.x
      value: 0
      objectReference: {fileID: 0}
    - target: {fileID: 3037379536143509182, guid: bd232c471e1a74742a7e2125e6e717cf,
        type: 3}
      propertyPath: m_LocalEulerAnglesHint.y
      value: 0
      objectReference: {fileID: 0}
    - target: {fileID: 3037379536143509182, guid: bd232c471e1a74742a7e2125e6e717cf,
        type: 3}
      propertyPath: m_LocalEulerAnglesHint.z
      value: 0
      objectReference: {fileID: 0}
    - target: {fileID: 5003709004509066751, guid: bd232c471e1a74742a7e2125e6e717cf,
        type: 3}
      propertyPath: m_LocalPosition.x
      value: 0.017268356
      objectReference: {fileID: 0}
    - target: {fileID: 5003709004509066751, guid: bd232c471e1a74742a7e2125e6e717cf,
        type: 3}
      propertyPath: m_LocalPosition.y
      value: 1.1890001
      objectReference: {fileID: 0}
    - target: {fileID: 5003709004509066751, guid: bd232c471e1a74742a7e2125e6e717cf,
        type: 3}
      propertyPath: m_LocalPosition.z
      value: -2.5856583
      objectReference: {fileID: 0}
    - target: {fileID: 5003709004871674406, guid: bd232c471e1a74742a7e2125e6e717cf,
        type: 3}
      propertyPath: m_LocalPosition.x
      value: -0.000000014901161
      objectReference: {fileID: 0}
    - target: {fileID: 5003709004871674406, guid: bd232c471e1a74742a7e2125e6e717cf,
        type: 3}
      propertyPath: m_LocalPosition.z
      value: 0
      objectReference: {fileID: 0}
    - target: {fileID: 5003709004871674406, guid: bd232c471e1a74742a7e2125e6e717cf,
        type: 3}
      propertyPath: m_LocalRotation.w
      value: 0.9965643
      objectReference: {fileID: 0}
    - target: {fileID: 5003709004871674406, guid: bd232c471e1a74742a7e2125e6e717cf,
        type: 3}
      propertyPath: m_LocalRotation.x
      value: 0.08247819
      objectReference: {fileID: 0}
    - target: {fileID: 5003709004871674406, guid: bd232c471e1a74742a7e2125e6e717cf,
        type: 3}
      propertyPath: m_LocalRotation.y
      value: -0.0075192326
      objectReference: {fileID: 0}
    - target: {fileID: 5003709004871674406, guid: bd232c471e1a74742a7e2125e6e717cf,
        type: 3}
      propertyPath: m_LocalRotation.z
      value: 0.00062231085
      objectReference: {fileID: 0}
    - target: {fileID: 5003709004925744587, guid: bd232c471e1a74742a7e2125e6e717cf,
        type: 3}
      propertyPath: m_LocalPosition.z
      value: 0
      objectReference: {fileID: 0}
    - target: {fileID: 5003709004925744587, guid: bd232c471e1a74742a7e2125e6e717cf,
        type: 3}
      propertyPath: m_LocalRotation.w
      value: 0.9989026
      objectReference: {fileID: 0}
    - target: {fileID: 5003709004925744587, guid: bd232c471e1a74742a7e2125e6e717cf,
        type: 3}
      propertyPath: m_LocalRotation.x
      value: 0.046223603
      objectReference: {fileID: 0}
    - target: {fileID: 5003709004925744587, guid: bd232c471e1a74742a7e2125e6e717cf,
        type: 3}
      propertyPath: m_LocalRotation.y
      value: -0.007536877
      objectReference: {fileID: 0}
    - target: {fileID: 5003709004925744587, guid: bd232c471e1a74742a7e2125e6e717cf,
        type: 3}
      propertyPath: m_LocalRotation.z
      value: 0.00034876436
      objectReference: {fileID: 0}
    - target: {fileID: 5003709005200264854, guid: bd232c471e1a74742a7e2125e6e717cf,
        type: 3}
      propertyPath: m_LocalPosition.z
      value: 0
      objectReference: {fileID: 0}
    - target: {fileID: 5003709005200264854, guid: bd232c471e1a74742a7e2125e6e717cf,
        type: 3}
      propertyPath: m_LocalRotation.w
      value: 0.9969302
      objectReference: {fileID: 0}
    - target: {fileID: 5003709005200264854, guid: bd232c471e1a74742a7e2125e6e717cf,
        type: 3}
      propertyPath: m_LocalRotation.x
      value: 0.07663945
      objectReference: {fileID: 0}
    - target: {fileID: 5003709005200264854, guid: bd232c471e1a74742a7e2125e6e717cf,
        type: 3}
      propertyPath: m_LocalRotation.y
      value: -0.015972896
      objectReference: {fileID: 0}
    - target: {fileID: 5003709005200264854, guid: bd232c471e1a74742a7e2125e6e717cf,
        type: 3}
      propertyPath: m_LocalRotation.z
      value: 0.0012279233
      objectReference: {fileID: 0}
    - target: {fileID: 5306229374667557966, guid: bd232c471e1a74742a7e2125e6e717cf,
        type: 3}
      propertyPath: throwPower
      value: 40
      objectReference: {fileID: 0}
    - target: {fileID: 5306229374667557966, guid: bd232c471e1a74742a7e2125e6e717cf,
        type: 3}
      propertyPath: enemyChaseres.Array.size
      value: 1
      objectReference: {fileID: 0}
    - target: {fileID: 5306229374667557966, guid: bd232c471e1a74742a7e2125e6e717cf,
        type: 3}
      propertyPath: enemyChaseres.Array.data[0]
      value: 
      objectReference: {fileID: 1936191315}
    - target: {fileID: 7242415062444409163, guid: bd232c471e1a74742a7e2125e6e717cf,
        type: 3}
      propertyPath: m_IsTrigger
      value: 1
      objectReference: {fileID: 0}
    m_RemovedComponents: []
    m_RemovedGameObjects: []
    m_AddedGameObjects: []
    m_AddedComponents: []
  m_SourcePrefab: {fileID: 100100000, guid: bd232c471e1a74742a7e2125e6e717cf, type: 3}
--- !u!1 &554789791
GameObject:
  m_ObjectHideFlags: 0
  m_CorrespondingSourceObject: {fileID: 0}
  m_PrefabInstance: {fileID: 0}
  m_PrefabAsset: {fileID: 0}
  serializedVersion: 6
  m_Component:
  - component: {fileID: 554789792}
  - component: {fileID: 554789794}
  - component: {fileID: 554789793}
  m_Layer: 6
  m_Name: EnemyGoal1
  m_TagString: Untagged
  m_Icon: {fileID: 0}
  m_NavMeshLayer: 0
  m_StaticEditorFlags: 0
  m_IsActive: 1
--- !u!4 &554789792
Transform:
  m_ObjectHideFlags: 0
  m_CorrespondingSourceObject: {fileID: 0}
  m_PrefabInstance: {fileID: 0}
  m_PrefabAsset: {fileID: 0}
  m_GameObject: {fileID: 554789791}
  serializedVersion: 2
  m_LocalRotation: {x: 0, y: 0, z: 0, w: 1}
  m_LocalPosition: {x: 0, y: 19.15, z: 56}
  m_LocalScale: {x: 1, y: 1, z: 1}
  m_ConstrainProportionsScale: 0
  m_Children:
  - {fileID: 1661449158}
  m_Father: {fileID: 608759924}
  m_LocalEulerAnglesHint: {x: 0, y: 0, z: 0}
--- !u!114 &554789793
MonoBehaviour:
  m_ObjectHideFlags: 0
  m_CorrespondingSourceObject: {fileID: 0}
  m_PrefabInstance: {fileID: 0}
  m_PrefabAsset: {fileID: 0}
  m_GameObject: {fileID: 554789791}
  m_Enabled: 1
  m_EditorHideFlags: 0
  m_Script: {fileID: 11500000, guid: 52ca41192df5bff48b6af46d5f74460c, type: 3}
  m_Name: 
  m_EditorClassIdentifier: 
  chaserPlayer: {fileID: 1936191317}
  goalVisual: {fileID: 1661449158}
--- !u!135 &554789794
SphereCollider:
  m_ObjectHideFlags: 0
  m_CorrespondingSourceObject: {fileID: 0}
  m_PrefabInstance: {fileID: 0}
  m_PrefabAsset: {fileID: 0}
  m_GameObject: {fileID: 554789791}
  m_Material: {fileID: 0}
  m_IncludeLayers:
    serializedVersion: 2
    m_Bits: 0
  m_ExcludeLayers:
    serializedVersion: 2
    m_Bits: 0
  m_LayerOverridePriority: 0
  m_IsTrigger: 0
  m_ProvidesContacts: 0
  m_Enabled: 1
  serializedVersion: 3
  m_Radius: 0.78
  m_Center: {x: 0, y: 0, z: 0}
--- !u!1 &585211533
GameObject:
  m_ObjectHideFlags: 0
  m_CorrespondingSourceObject: {fileID: 0}
  m_PrefabInstance: {fileID: 0}
  m_PrefabAsset: {fileID: 0}
  serializedVersion: 6
  m_Component:
  - component: {fileID: 585211538}
  - component: {fileID: 585211537}
  - component: {fileID: 585211536}
  - component: {fileID: 585211535}
  - component: {fileID: 585211534}
  m_Layer: 0
  m_Name: Main Camera
  m_TagString: MainCamera
  m_Icon: {fileID: 0}
  m_NavMeshLayer: 0
  m_StaticEditorFlags: 0
  m_IsActive: 1
--- !u!114 &585211534
MonoBehaviour:
  m_ObjectHideFlags: 0
  m_CorrespondingSourceObject: {fileID: 0}
  m_PrefabInstance: {fileID: 0}
  m_PrefabAsset: {fileID: 0}
  m_GameObject: {fileID: 585211533}
  m_Enabled: 1
  m_EditorHideFlags: 0
  m_Script: {fileID: 11500000, guid: 72ece51f2901e7445ab60da3685d6b5f, type: 3}
  m_Name: 
  m_EditorClassIdentifier: 
  m_ShowDebugText: 0
  m_ShowCameraFrustum: 1
  m_IgnoreTimeScale: 0
  m_WorldUpOverride: {fileID: 0}
  m_UpdateMethod: 2
  m_BlendUpdateMethod: 1
  m_DefaultBlend:
    m_Style: 1
    m_Time: 0.3
    m_CustomCurve:
      serializedVersion: 2
      m_Curve: []
      m_PreInfinity: 2
      m_PostInfinity: 2
      m_RotationOrder: 4
  m_CustomBlends: {fileID: 0}
  m_CameraCutEvent:
    m_PersistentCalls:
      m_Calls: []
  m_CameraActivatedEvent:
    m_PersistentCalls:
      m_Calls: []
--- !u!114 &585211535
MonoBehaviour:
  m_ObjectHideFlags: 0
  m_CorrespondingSourceObject: {fileID: 0}
  m_PrefabInstance: {fileID: 0}
  m_PrefabAsset: {fileID: 0}
  m_GameObject: {fileID: 585211533}
  m_Enabled: 1
  m_EditorHideFlags: 0
  m_Script: {fileID: 11500000, guid: a79441f348de89743a2939f4d699eac1, type: 3}
  m_Name: 
  m_EditorClassIdentifier: 
  m_RenderShadows: 1
  m_RequiresDepthTextureOption: 2
  m_RequiresOpaqueTextureOption: 2
  m_CameraType: 0
  m_Cameras: []
  m_RendererIndex: -1
  m_VolumeLayerMask:
    serializedVersion: 2
    m_Bits: 1
  m_VolumeTrigger: {fileID: 0}
  m_VolumeFrameworkUpdateModeOption: 2
  m_RenderPostProcessing: 1
  m_Antialiasing: 0
  m_AntialiasingQuality: 2
  m_StopNaN: 0
  m_Dithering: 1
  m_ClearDepth: 1
  m_AllowXRRendering: 1
  m_AllowHDROutput: 1
  m_UseScreenCoordOverride: 0
  m_ScreenSizeOverride: {x: 0, y: 0, z: 0, w: 0}
  m_ScreenCoordScaleBias: {x: 0, y: 0, z: 0, w: 0}
  m_RequiresDepthTexture: 0
  m_RequiresColorTexture: 0
  m_Version: 2
  m_TaaSettings:
    quality: 3
    frameInfluence: 0.1
    jitterScale: 1
    mipBias: 0
    varianceClampScale: 0.9
    contrastAdaptiveSharpening: 0
--- !u!81 &585211536
AudioListener:
  m_ObjectHideFlags: 0
  m_CorrespondingSourceObject: {fileID: 0}
  m_PrefabInstance: {fileID: 0}
  m_PrefabAsset: {fileID: 0}
  m_GameObject: {fileID: 585211533}
  m_Enabled: 1
--- !u!20 &585211537
Camera:
  m_ObjectHideFlags: 0
  m_CorrespondingSourceObject: {fileID: 0}
  m_PrefabInstance: {fileID: 0}
  m_PrefabAsset: {fileID: 0}
  m_GameObject: {fileID: 585211533}
  m_Enabled: 1
  serializedVersion: 2
  m_ClearFlags: 1
  m_BackGroundColor: {r: 0, g: 0, b: 0, a: 1}
  m_projectionMatrixMode: 1
  m_GateFitMode: 2
  m_FOVAxisMode: 0
  m_Iso: 200
  m_ShutterSpeed: 0.005
  m_Aperture: 16
  m_FocusDistance: 10
  m_FocalLength: 50
  m_BladeCount: 5
  m_Curvature: {x: 2, y: 11}
  m_BarrelClipping: 0.25
  m_Anamorphism: 0
  m_SensorSize: {x: 36, y: 24}
  m_LensShift: {x: 0, y: 0}
  m_NormalizedViewPortRect:
    serializedVersion: 2
    x: 0
    y: 0
    width: 1
    height: 1
  near clip plane: 0.1
  far clip plane: 5000
  field of view: 40
  orthographic: 0
  orthographic size: 10
  m_Depth: -1
  m_CullingMask:
    serializedVersion: 2
    m_Bits: 4294967295
  m_RenderingPath: -1
  m_TargetTexture: {fileID: 0}
  m_TargetDisplay: 0
  m_TargetEye: 3
  m_HDR: 1
  m_AllowMSAA: 1
  m_AllowDynamicResolution: 0
  m_ForceIntoRT: 0
  m_OcclusionCulling: 1
  m_StereoConvergence: 10
  m_StereoSeparation: 0.022
--- !u!4 &585211538
Transform:
  m_ObjectHideFlags: 0
  m_CorrespondingSourceObject: {fileID: 0}
  m_PrefabInstance: {fileID: 0}
  m_PrefabAsset: {fileID: 0}
  m_GameObject: {fileID: 585211533}
  serializedVersion: 2
  m_LocalRotation: {x: 0.07663945, y: -0.015972897, z: 0.0012279237, w: 0.9969302}
  m_LocalPosition: {x: 0.017268356, y: 4.189, z: -2.5856583}
  m_LocalScale: {x: 1, y: 1, z: 1}
  m_ConstrainProportionsScale: 0
  m_Children: []
  m_Father: {fileID: 0}
  m_LocalEulerAnglesHint: {x: 8.145, y: 0, z: 0}
--- !u!1001 &598235086
PrefabInstance:
  m_ObjectHideFlags: 0
  serializedVersion: 2
  m_Modification:
    serializedVersion: 3
    m_TransformParent: {fileID: 0}
    m_Modifications:
    - target: {fileID: 480225548899122552, guid: 672ca1cbea1338c43b26b5edc032a208,
        type: 3}
      propertyPath: m_Name
      value: PlayGroundCollider
      objectReference: {fileID: 0}
    - target: {fileID: 590055901704070722, guid: 672ca1cbea1338c43b26b5edc032a208,
        type: 3}
      propertyPath: m_IsTrigger
      value: 1
      objectReference: {fileID: 0}
    - target: {fileID: 675877654586337100, guid: 672ca1cbea1338c43b26b5edc032a208,
        type: 3}
      propertyPath: m_IsTrigger
      value: 1
      objectReference: {fileID: 0}
    - target: {fileID: 780992937514064217, guid: 672ca1cbea1338c43b26b5edc032a208,
        type: 3}
      propertyPath: m_LocalPosition.x
      value: -20.6
      objectReference: {fileID: 0}
    - target: {fileID: 855452158491836166, guid: 672ca1cbea1338c43b26b5edc032a208,
        type: 3}
      propertyPath: m_LocalPosition.y
      value: -1
      objectReference: {fileID: 0}
    - target: {fileID: 1048923749576028810, guid: 672ca1cbea1338c43b26b5edc032a208,
        type: 3}
      propertyPath: m_LocalPosition.x
      value: -24.1
      objectReference: {fileID: 0}
    - target: {fileID: 1049648504745087082, guid: 672ca1cbea1338c43b26b5edc032a208,
        type: 3}
      propertyPath: m_LocalPosition.x
      value: 0
      objectReference: {fileID: 0}
    - target: {fileID: 1049648504745087082, guid: 672ca1cbea1338c43b26b5edc032a208,
        type: 3}
      propertyPath: m_LocalPosition.y
      value: 0
      objectReference: {fileID: 0}
    - target: {fileID: 1049648504745087082, guid: 672ca1cbea1338c43b26b5edc032a208,
        type: 3}
      propertyPath: m_LocalPosition.z
      value: 0
      objectReference: {fileID: 0}
    - target: {fileID: 1049648504745087082, guid: 672ca1cbea1338c43b26b5edc032a208,
        type: 3}
      propertyPath: m_LocalRotation.w
      value: 1
      objectReference: {fileID: 0}
    - target: {fileID: 1049648504745087082, guid: 672ca1cbea1338c43b26b5edc032a208,
        type: 3}
      propertyPath: m_LocalRotation.x
      value: 0
      objectReference: {fileID: 0}
    - target: {fileID: 1049648504745087082, guid: 672ca1cbea1338c43b26b5edc032a208,
        type: 3}
      propertyPath: m_LocalRotation.y
      value: 0
      objectReference: {fileID: 0}
    - target: {fileID: 1049648504745087082, guid: 672ca1cbea1338c43b26b5edc032a208,
        type: 3}
      propertyPath: m_LocalRotation.z
      value: 0
      objectReference: {fileID: 0}
    - target: {fileID: 1049648504745087082, guid: 672ca1cbea1338c43b26b5edc032a208,
        type: 3}
      propertyPath: m_LocalEulerAnglesHint.x
      value: 0
      objectReference: {fileID: 0}
    - target: {fileID: 1049648504745087082, guid: 672ca1cbea1338c43b26b5edc032a208,
        type: 3}
      propertyPath: m_LocalEulerAnglesHint.y
      value: 0
      objectReference: {fileID: 0}
    - target: {fileID: 1049648504745087082, guid: 672ca1cbea1338c43b26b5edc032a208,
        type: 3}
      propertyPath: m_LocalEulerAnglesHint.z
      value: 0
      objectReference: {fileID: 0}
    - target: {fileID: 1819656513152413239, guid: 672ca1cbea1338c43b26b5edc032a208,
        type: 3}
      propertyPath: m_LocalPosition.x
      value: 24.1
      objectReference: {fileID: 0}
    - target: {fileID: 1819656513152413239, guid: 672ca1cbea1338c43b26b5edc032a208,
        type: 3}
      propertyPath: m_LocalPosition.z
      value: -0.29999924
      objectReference: {fileID: 0}
    - target: {fileID: 2175321975267633996, guid: 672ca1cbea1338c43b26b5edc032a208,
        type: 3}
      propertyPath: m_LocalPosition.x
      value: -20.6
      objectReference: {fileID: 0}
    - target: {fileID: 2484568353693677144, guid: 672ca1cbea1338c43b26b5edc032a208,
        type: 3}
      propertyPath: m_LocalPosition.x
      value: 20.6
      objectReference: {fileID: 0}
    - target: {fileID: 2484568353693677144, guid: 672ca1cbea1338c43b26b5edc032a208,
        type: 3}
      propertyPath: m_LocalPosition.z
      value: 42.7
      objectReference: {fileID: 0}
    - target: {fileID: 2794760083770692645, guid: 672ca1cbea1338c43b26b5edc032a208,
        type: 3}
      propertyPath: m_IsTrigger
      value: 1
      objectReference: {fileID: 0}
    - target: {fileID: 3702909700257884140, guid: 672ca1cbea1338c43b26b5edc032a208,
        type: 3}
      propertyPath: m_LocalPosition.x
      value: 20.6
      objectReference: {fileID: 0}
    - target: {fileID: 3702909700257884140, guid: 672ca1cbea1338c43b26b5edc032a208,
        type: 3}
      propertyPath: m_LocalPosition.z
      value: -43.3
      objectReference: {fileID: 0}
    - target: {fileID: 3750573751966742434, guid: 672ca1cbea1338c43b26b5edc032a208,
        type: 3}
      propertyPath: m_IsTrigger
      value: 1
      objectReference: {fileID: 0}
    - target: {fileID: 3778164111323351182, guid: 672ca1cbea1338c43b26b5edc032a208,
        type: 3}
      propertyPath: m_IsTrigger
      value: 1
      objectReference: {fileID: 0}
    - target: {fileID: 5306851923150778391, guid: 672ca1cbea1338c43b26b5edc032a208,
        type: 3}
      propertyPath: m_IsTrigger
      value: 1
      objectReference: {fileID: 0}
    - target: {fileID: 5575067837253635509, guid: 672ca1cbea1338c43b26b5edc032a208,
        type: 3}
      propertyPath: m_IsTrigger
      value: 1
      objectReference: {fileID: 0}
    - target: {fileID: 7908325666770554006, guid: 672ca1cbea1338c43b26b5edc032a208,
        type: 3}
      propertyPath: m_IsTrigger
      value: 1
      objectReference: {fileID: 0}
    - target: {fileID: 8117817065745059639, guid: 672ca1cbea1338c43b26b5edc032a208,
        type: 3}
      propertyPath: m_IsTrigger
      value: 1
      objectReference: {fileID: 0}
    - target: {fileID: 8881647150686370186, guid: 672ca1cbea1338c43b26b5edc032a208,
        type: 3}
      propertyPath: m_IsTrigger
      value: 1
      objectReference: {fileID: 0}
    m_RemovedComponents: []
    m_RemovedGameObjects: []
    m_AddedGameObjects: []
    m_AddedComponents: []
  m_SourcePrefab: {fileID: 100100000, guid: 672ca1cbea1338c43b26b5edc032a208, type: 3}
--- !u!1 &608759923
GameObject:
  m_ObjectHideFlags: 0
  m_CorrespondingSourceObject: {fileID: 0}
  m_PrefabInstance: {fileID: 0}
  m_PrefabAsset: {fileID: 0}
  serializedVersion: 6
  m_Component:
  - component: {fileID: 608759924}
  m_Layer: 0
  m_Name: EnemyGoals
  m_TagString: Untagged
  m_Icon: {fileID: 0}
  m_NavMeshLayer: 0
  m_StaticEditorFlags: 0
  m_IsActive: 1
--- !u!4 &608759924
Transform:
  m_ObjectHideFlags: 0
  m_CorrespondingSourceObject: {fileID: 0}
  m_PrefabInstance: {fileID: 0}
  m_PrefabAsset: {fileID: 0}
  m_GameObject: {fileID: 608759923}
  serializedVersion: 2
  m_LocalRotation: {x: 0, y: 0, z: 0, w: 1}
  m_LocalPosition: {x: 0, y: 0, z: 0}
  m_LocalScale: {x: 1, y: 1, z: 1}
  m_ConstrainProportionsScale: 0
  m_Children:
  - {fileID: 554789792}
  - {fileID: 277005731}
  - {fileID: 1221677243}
  m_Father: {fileID: 0}
  m_LocalEulerAnglesHint: {x: 0, y: 0, z: 0}
--- !u!1 &904519876
GameObject:
  m_ObjectHideFlags: 0
  m_CorrespondingSourceObject: {fileID: 0}
  m_PrefabInstance: {fileID: 0}
  m_PrefabAsset: {fileID: 0}
  serializedVersion: 6
  m_Component:
  - component: {fileID: 904519879}
  - component: {fileID: 904519878}
  - component: {fileID: 904519877}
  m_Layer: 0
  m_Name: EventSystem
  m_TagString: Untagged
  m_Icon: {fileID: 0}
  m_NavMeshLayer: 0
  m_StaticEditorFlags: 0
  m_IsActive: 1
--- !u!114 &904519877
MonoBehaviour:
  m_ObjectHideFlags: 0
  m_CorrespondingSourceObject: {fileID: 0}
  m_PrefabInstance: {fileID: 0}
  m_PrefabAsset: {fileID: 0}
  m_GameObject: {fileID: 904519876}
  m_Enabled: 1
  m_EditorHideFlags: 0
  m_Script: {fileID: 11500000, guid: 4f231c4fb786f3946a6b90b886c48677, type: 3}
  m_Name: 
  m_EditorClassIdentifier: 
  m_SendPointerHoverToParent: 1
  m_HorizontalAxis: Horizontal
  m_VerticalAxis: Vertical
  m_SubmitButton: Submit
  m_CancelButton: Cancel
  m_InputActionsPerSecond: 10
  m_RepeatDelay: 0.5
  m_ForceModuleActive: 0
--- !u!114 &904519878
MonoBehaviour:
  m_ObjectHideFlags: 0
  m_CorrespondingSourceObject: {fileID: 0}
  m_PrefabInstance: {fileID: 0}
  m_PrefabAsset: {fileID: 0}
  m_GameObject: {fileID: 904519876}
  m_Enabled: 1
  m_EditorHideFlags: 0
  m_Script: {fileID: 11500000, guid: 76c392e42b5098c458856cdf6ecaaaa1, type: 3}
  m_Name: 
  m_EditorClassIdentifier: 
  m_FirstSelected: {fileID: 0}
  m_sendNavigationEvents: 1
  m_DragThreshold: 10
--- !u!4 &904519879
Transform:
  m_ObjectHideFlags: 0
  m_CorrespondingSourceObject: {fileID: 0}
  m_PrefabInstance: {fileID: 0}
  m_PrefabAsset: {fileID: 0}
  m_GameObject: {fileID: 904519876}
  serializedVersion: 2
  m_LocalRotation: {x: 0, y: 0, z: 0, w: 1}
  m_LocalPosition: {x: 0, y: 0, z: 0}
  m_LocalScale: {x: 1, y: 1, z: 1}
  m_ConstrainProportionsScale: 0
  m_Children: []
  m_Father: {fileID: 0}
  m_LocalEulerAnglesHint: {x: 0, y: 0, z: 0}
--- !u!1 &1221677242
GameObject:
  m_ObjectHideFlags: 0
  m_CorrespondingSourceObject: {fileID: 0}
  m_PrefabInstance: {fileID: 0}
  m_PrefabAsset: {fileID: 0}
  serializedVersion: 6
  m_Component:
  - component: {fileID: 1221677243}
  - component: {fileID: 1221677245}
  - component: {fileID: 1221677244}
  m_Layer: 6
  m_Name: EnemyGoal1 (2)
  m_TagString: Untagged
  m_Icon: {fileID: 0}
  m_NavMeshLayer: 0
  m_StaticEditorFlags: 0
  m_IsActive: 1
--- !u!4 &1221677243
Transform:
  m_ObjectHideFlags: 0
  m_CorrespondingSourceObject: {fileID: 0}
  m_PrefabInstance: {fileID: 0}
  m_PrefabAsset: {fileID: 0}
  m_GameObject: {fileID: 1221677242}
  serializedVersion: 2
  m_LocalRotation: {x: 0, y: 0, z: 0, w: 1}
  m_LocalPosition: {x: 5.991, y: 15.063, z: 56}
  m_LocalScale: {x: 1, y: 1, z: 1}
  m_ConstrainProportionsScale: 0
  m_Children:
  - {fileID: 2057382646}
  m_Father: {fileID: 608759924}
  m_LocalEulerAnglesHint: {x: 0, y: 0, z: 0}
--- !u!114 &1221677244
MonoBehaviour:
  m_ObjectHideFlags: 0
  m_CorrespondingSourceObject: {fileID: 0}
  m_PrefabInstance: {fileID: 0}
  m_PrefabAsset: {fileID: 0}
  m_GameObject: {fileID: 1221677242}
  m_Enabled: 1
  m_EditorHideFlags: 0
  m_Script: {fileID: 11500000, guid: 52ca41192df5bff48b6af46d5f74460c, type: 3}
  m_Name: 
  m_EditorClassIdentifier: 
  chaserPlayer: {fileID: 1936191317}
  goalVisual: {fileID: 2057382646}
--- !u!135 &1221677245
SphereCollider:
  m_ObjectHideFlags: 0
  m_CorrespondingSourceObject: {fileID: 0}
  m_PrefabInstance: {fileID: 0}
  m_PrefabAsset: {fileID: 0}
  m_GameObject: {fileID: 1221677242}
  m_Material: {fileID: 0}
  m_IncludeLayers:
    serializedVersion: 2
    m_Bits: 0
  m_ExcludeLayers:
    serializedVersion: 2
    m_Bits: 0
  m_LayerOverridePriority: 0
  m_IsTrigger: 0
  m_ProvidesContacts: 0
  m_Enabled: 1
  serializedVersion: 3
  m_Radius: 0.78
  m_Center: {x: 0, y: 0, z: 0}
--- !u!1001 &1283446700
PrefabInstance:
  m_ObjectHideFlags: 0
  serializedVersion: 2
  m_Modification:
    serializedVersion: 3
    m_TransformParent: {fileID: 1936191320}
    m_Modifications:
    - target: {fileID: 2282097311712848365, guid: 08b085251dc3aab48b6d41bf91f8c2cd,
        type: 3}
      propertyPath: m_LocalPosition.x
      value: 0
      objectReference: {fileID: 0}
    - target: {fileID: 2282097311712848365, guid: 08b085251dc3aab48b6d41bf91f8c2cd,
        type: 3}
      propertyPath: m_LocalPosition.y
      value: 0
      objectReference: {fileID: 0}
    - target: {fileID: 2282097311712848365, guid: 08b085251dc3aab48b6d41bf91f8c2cd,
        type: 3}
      propertyPath: m_LocalPosition.z
      value: 0
      objectReference: {fileID: 0}
    - target: {fileID: 2282097311712848365, guid: 08b085251dc3aab48b6d41bf91f8c2cd,
        type: 3}
      propertyPath: m_LocalRotation.w
      value: 1
      objectReference: {fileID: 0}
    - target: {fileID: 2282097311712848365, guid: 08b085251dc3aab48b6d41bf91f8c2cd,
        type: 3}
      propertyPath: m_LocalRotation.x
      value: 0
      objectReference: {fileID: 0}
    - target: {fileID: 2282097311712848365, guid: 08b085251dc3aab48b6d41bf91f8c2cd,
        type: 3}
      propertyPath: m_LocalRotation.y
      value: 0
      objectReference: {fileID: 0}
    - target: {fileID: 2282097311712848365, guid: 08b085251dc3aab48b6d41bf91f8c2cd,
        type: 3}
      propertyPath: m_LocalRotation.z
      value: 0
      objectReference: {fileID: 0}
    - target: {fileID: 2282097311712848365, guid: 08b085251dc3aab48b6d41bf91f8c2cd,
        type: 3}
      propertyPath: m_LocalEulerAnglesHint.x
      value: 0
      objectReference: {fileID: 0}
    - target: {fileID: 2282097311712848365, guid: 08b085251dc3aab48b6d41bf91f8c2cd,
        type: 3}
      propertyPath: m_LocalEulerAnglesHint.y
      value: 0
      objectReference: {fileID: 0}
    - target: {fileID: 2282097311712848365, guid: 08b085251dc3aab48b6d41bf91f8c2cd,
        type: 3}
      propertyPath: m_LocalEulerAnglesHint.z
      value: 0
      objectReference: {fileID: 0}
    - target: {fileID: 2282097311712848365, guid: 08b085251dc3aab48b6d41bf91f8c2cd,
        type: 3}
      propertyPath: m_ConstrainProportionsScale
      value: 0
      objectReference: {fileID: 0}
    - target: {fileID: 4175735232038410504, guid: 08b085251dc3aab48b6d41bf91f8c2cd,
        type: 3}
      propertyPath: m_Name
      value: Quaffle
      objectReference: {fileID: 0}
    m_RemovedComponents: []
    m_RemovedGameObjects: []
    m_AddedGameObjects: []
    m_AddedComponents:
    - targetCorrespondingSourceObject: {fileID: 4175735232038410504, guid: 08b085251dc3aab48b6d41bf91f8c2cd,
        type: 3}
      insertIndex: -1
      addedObject: {fileID: 1283446703}
  m_SourcePrefab: {fileID: 100100000, guid: 08b085251dc3aab48b6d41bf91f8c2cd, type: 3}
--- !u!4 &1283446701 stripped
Transform:
  m_CorrespondingSourceObject: {fileID: 2282097311712848365, guid: 08b085251dc3aab48b6d41bf91f8c2cd,
    type: 3}
  m_PrefabInstance: {fileID: 1283446700}
  m_PrefabAsset: {fileID: 0}
--- !u!1 &1283446702 stripped
GameObject:
  m_CorrespondingSourceObject: {fileID: 4175735232038410504, guid: 08b085251dc3aab48b6d41bf91f8c2cd,
    type: 3}
  m_PrefabInstance: {fileID: 1283446700}
  m_PrefabAsset: {fileID: 0}
--- !u!54 &1283446703
Rigidbody:
  m_ObjectHideFlags: 0
  m_CorrespondingSourceObject: {fileID: 0}
  m_PrefabInstance: {fileID: 0}
  m_PrefabAsset: {fileID: 0}
  m_GameObject: {fileID: 1283446702}
  serializedVersion: 4
  m_Mass: 0.5
  m_Drag: 0
  m_AngularDrag: 0.05
  m_CenterOfMass: {x: 0, y: 0, z: 0}
  m_InertiaTensor: {x: 1, y: 1, z: 1}
  m_InertiaRotation: {x: 0, y: 0, z: 0, w: 1}
  m_IncludeLayers:
    serializedVersion: 2
    m_Bits: 0
  m_ExcludeLayers:
    serializedVersion: 2
    m_Bits: 0
  m_ImplicitCom: 1
  m_ImplicitTensor: 1
  m_UseGravity: 0
  m_IsKinematic: 0
  m_Interpolate: 0
  m_Constraints: 0
  m_CollisionDetection: 0
--- !u!1 &1455507719
GameObject:
  m_ObjectHideFlags: 0
  m_CorrespondingSourceObject: {fileID: 0}
  m_PrefabInstance: {fileID: 0}
  m_PrefabAsset: {fileID: 0}
  serializedVersion: 6
  m_Component:
  - component: {fileID: 1455507721}
  - component: {fileID: 1455507720}
  m_Layer: 0
  m_Name: Global Volume
  m_TagString: Untagged
  m_Icon: {fileID: 0}
  m_NavMeshLayer: 0
  m_StaticEditorFlags: 0
  m_IsActive: 1
--- !u!114 &1455507720
MonoBehaviour:
  m_ObjectHideFlags: 0
  m_CorrespondingSourceObject: {fileID: 0}
  m_PrefabInstance: {fileID: 0}
  m_PrefabAsset: {fileID: 0}
  m_GameObject: {fileID: 1455507719}
  m_Enabled: 1
  m_EditorHideFlags: 0
  m_Script: {fileID: 11500000, guid: 172515602e62fb746b5d573b38a5fe58, type: 3}
  m_Name: 
  m_EditorClassIdentifier: 
  m_IsGlobal: 1
  priority: 0
  blendDistance: 0
  weight: 1
  sharedProfile: {fileID: 11400000, guid: a6560a915ef98420e9faacc1c7438823, type: 2}
--- !u!4 &1455507721
Transform:
  m_ObjectHideFlags: 0
  m_CorrespondingSourceObject: {fileID: 0}
  m_PrefabInstance: {fileID: 0}
  m_PrefabAsset: {fileID: 0}
  m_GameObject: {fileID: 1455507719}
  serializedVersion: 2
  m_LocalRotation: {x: 0, y: 0, z: 0, w: 1}
  m_LocalPosition: {x: 0, y: 0, z: 0}
  m_LocalScale: {x: 1, y: 1, z: 1}
  m_ConstrainProportionsScale: 0
  m_Children: []
  m_Father: {fileID: 0}
  m_LocalEulerAnglesHint: {x: 0, y: 0, z: 0}
--- !u!1 &1661449157
GameObject:
  m_ObjectHideFlags: 0
  m_CorrespondingSourceObject: {fileID: 0}
  m_PrefabInstance: {fileID: 0}
  m_PrefabAsset: {fileID: 0}
  serializedVersion: 6
  m_Component:
  - component: {fileID: 1661449158}
  - component: {fileID: 1661449160}
  - component: {fileID: 1661449159}
  m_Layer: 6
  m_Name: Sphere
  m_TagString: Untagged
  m_Icon: {fileID: 0}
  m_NavMeshLayer: 0
  m_StaticEditorFlags: 0
  m_IsActive: 1
--- !u!4 &1661449158
Transform:
  m_ObjectHideFlags: 0
  m_CorrespondingSourceObject: {fileID: 0}
  m_PrefabInstance: {fileID: 0}
  m_PrefabAsset: {fileID: 0}
  m_GameObject: {fileID: 1661449157}
  serializedVersion: 2
  m_LocalRotation: {x: 0, y: 0, z: 0, w: 1}
  m_LocalPosition: {x: 0, y: 0, z: 0}
  m_LocalScale: {x: 1.64, y: 1.65, z: 0.1}
  m_ConstrainProportionsScale: 0
  m_Children: []
  m_Father: {fileID: 554789792}
  m_LocalEulerAnglesHint: {x: 0, y: 0, z: 0}
--- !u!23 &1661449159
MeshRenderer:
  m_ObjectHideFlags: 0
  m_CorrespondingSourceObject: {fileID: 0}
  m_PrefabInstance: {fileID: 0}
  m_PrefabAsset: {fileID: 0}
  m_GameObject: {fileID: 1661449157}
  m_Enabled: 1
  m_CastShadows: 1
  m_ReceiveShadows: 1
  m_DynamicOccludee: 1
  m_StaticShadowCaster: 0
  m_MotionVectors: 1
  m_LightProbeUsage: 1
  m_ReflectionProbeUsage: 1
  m_RayTracingMode: 2
  m_RayTraceProcedural: 0
  m_RenderingLayerMask: 1
  m_RendererPriority: 0
  m_Materials:
  - {fileID: 2100000, guid: 1df8e8f0ec5576144ba0f70740471aa3, type: 2}
  m_StaticBatchInfo:
    firstSubMesh: 0
    subMeshCount: 0
  m_StaticBatchRoot: {fileID: 0}
  m_ProbeAnchor: {fileID: 0}
  m_LightProbeVolumeOverride: {fileID: 0}
  m_ScaleInLightmap: 1
  m_ReceiveGI: 1
  m_PreserveUVs: 0
  m_IgnoreNormalsForChartDetection: 0
  m_ImportantGI: 0
  m_StitchLightmapSeams: 1
  m_SelectedEditorRenderState: 3
  m_MinimumChartSize: 4
  m_AutoUVMaxDistance: 0.5
  m_AutoUVMaxAngle: 89
  m_LightmapParameters: {fileID: 0}
  m_SortingLayerID: 0
  m_SortingLayer: 0
  m_SortingOrder: 0
  m_AdditionalVertexStreams: {fileID: 0}
--- !u!33 &1661449160
MeshFilter:
  m_ObjectHideFlags: 0
  m_CorrespondingSourceObject: {fileID: 0}
  m_PrefabInstance: {fileID: 0}
  m_PrefabAsset: {fileID: 0}
  m_GameObject: {fileID: 1661449157}
  m_Mesh: {fileID: 10207, guid: 0000000000000000e000000000000000, type: 0}
--- !u!1001 &1905469761
PrefabInstance:
  m_ObjectHideFlags: 0
  serializedVersion: 2
  m_Modification:
    serializedVersion: 3
    m_TransformParent: {fileID: 0}
    m_Modifications:
    - target: {fileID: 4931573069986529196, guid: 22d231a4d437ae646b85630b6366b5f9,
        type: 3}
      propertyPath: m_LocalPosition.x
      value: 0
      objectReference: {fileID: 0}
    - target: {fileID: 4931573069986529196, guid: 22d231a4d437ae646b85630b6366b5f9,
        type: 3}
      propertyPath: m_LocalPosition.y
      value: 0
      objectReference: {fileID: 0}
    - target: {fileID: 4931573069986529196, guid: 22d231a4d437ae646b85630b6366b5f9,
        type: 3}
      propertyPath: m_LocalPosition.z
      value: 0
      objectReference: {fileID: 0}
    - target: {fileID: 4931573069986529196, guid: 22d231a4d437ae646b85630b6366b5f9,
        type: 3}
      propertyPath: m_LocalRotation.w
      value: 1
      objectReference: {fileID: 0}
    - target: {fileID: 4931573069986529196, guid: 22d231a4d437ae646b85630b6366b5f9,
        type: 3}
      propertyPath: m_LocalRotation.x
      value: 0
      objectReference: {fileID: 0}
    - target: {fileID: 4931573069986529196, guid: 22d231a4d437ae646b85630b6366b5f9,
        type: 3}
      propertyPath: m_LocalRotation.y
      value: 0
      objectReference: {fileID: 0}
    - target: {fileID: 4931573069986529196, guid: 22d231a4d437ae646b85630b6366b5f9,
        type: 3}
      propertyPath: m_LocalRotation.z
      value: 0
      objectReference: {fileID: 0}
    - target: {fileID: 4931573069986529196, guid: 22d231a4d437ae646b85630b6366b5f9,
        type: 3}
      propertyPath: m_LocalEulerAnglesHint.x
      value: 0
      objectReference: {fileID: 0}
    - target: {fileID: 4931573069986529196, guid: 22d231a4d437ae646b85630b6366b5f9,
        type: 3}
      propertyPath: m_LocalEulerAnglesHint.y
      value: 0
      objectReference: {fileID: 0}
    - target: {fileID: 4931573069986529196, guid: 22d231a4d437ae646b85630b6366b5f9,
        type: 3}
      propertyPath: m_LocalEulerAnglesHint.z
      value: 0
      objectReference: {fileID: 0}
    - target: {fileID: 4931573069986529197, guid: 22d231a4d437ae646b85630b6366b5f9,
        type: 3}
      propertyPath: m_Name
      value: Stadium
      objectReference: {fileID: 0}
    - target: {fileID: 4931573069986529197, guid: 22d231a4d437ae646b85630b6366b5f9,
        type: 3}
      propertyPath: m_IsActive
      value: 1
      objectReference: {fileID: 0}
    m_RemovedComponents: []
    m_RemovedGameObjects: []
    m_AddedGameObjects: []
    m_AddedComponents: []
  m_SourcePrefab: {fileID: 100100000, guid: 22d231a4d437ae646b85630b6366b5f9, type: 3}
--- !u!1001 &1936191314
PrefabInstance:
  m_ObjectHideFlags: 0
  serializedVersion: 2
  m_Modification:
    serializedVersion: 3
    m_TransformParent: {fileID: 0}
    m_Modifications:
    - target: {fileID: 3006951246410214051, guid: bddb675f39f8d8d499f7766baae1b0b6,
        type: 3}
      propertyPath: m_LocalPosition.x
      value: -5.023148
      objectReference: {fileID: 0}
    - target: {fileID: 3006951246410214051, guid: bddb675f39f8d8d499f7766baae1b0b6,
        type: 3}
      propertyPath: m_LocalPosition.y
      value: 1.189
      objectReference: {fileID: 0}
    - target: {fileID: 3006951246410214051, guid: bddb675f39f8d8d499f7766baae1b0b6,
        type: 3}
      propertyPath: m_LocalPosition.z
      value: 0.6342125
      objectReference: {fileID: 0}
    - target: {fileID: 3006951246410214052, guid: bddb675f39f8d8d499f7766baae1b0b6,
        type: 3}
      propertyPath: m_Priority
      value: 0
      objectReference: {fileID: 0}
    - target: {fileID: 3006951246410214052, guid: bddb675f39f8d8d499f7766baae1b0b6,
        type: 3}
      propertyPath: m_Lens.FieldOfView
      value: 40
      objectReference: {fileID: 0}
    - target: {fileID: 3006951246410214052, guid: bddb675f39f8d8d499f7766baae1b0b6,
        type: 3}
      propertyPath: m_Orbits.Array.data[1].m_Radius
      value: 5
      objectReference: {fileID: 0}
    - target: {fileID: 3006951246410214053, guid: bddb675f39f8d8d499f7766baae1b0b6,
        type: 3}
      propertyPath: m_IsActive
      value: 1
      objectReference: {fileID: 0}
    - target: {fileID: 3006951247029267095, guid: bddb675f39f8d8d499f7766baae1b0b6,
        type: 3}
      propertyPath: m_LocalPosition.x
      value: 0
      objectReference: {fileID: 0}
    - target: {fileID: 3006951247029267095, guid: bddb675f39f8d8d499f7766baae1b0b6,
        type: 3}
      propertyPath: m_LocalPosition.y
      value: 0
      objectReference: {fileID: 0}
    - target: {fileID: 3006951247029267095, guid: bddb675f39f8d8d499f7766baae1b0b6,
        type: 3}
      propertyPath: m_LocalPosition.z
      value: 0
      objectReference: {fileID: 0}
    - target: {fileID: 3006951247029267095, guid: bddb675f39f8d8d499f7766baae1b0b6,
        type: 3}
      propertyPath: m_LocalRotation.w
      value: 0.69129705
      objectReference: {fileID: 0}
    - target: {fileID: 3006951247029267095, guid: bddb675f39f8d8d499f7766baae1b0b6,
        type: 3}
      propertyPath: m_LocalRotation.x
      value: 0.009334032
      objectReference: {fileID: 0}
    - target: {fileID: 3006951247029267095, guid: bddb675f39f8d8d499f7766baae1b0b6,
        type: 3}
      propertyPath: m_LocalRotation.y
      value: 0.7224446
      objectReference: {fileID: 0}
    - target: {fileID: 3006951247029267095, guid: bddb675f39f8d8d499f7766baae1b0b6,
        type: 3}
      propertyPath: m_LocalRotation.z
      value: -0.009754593
      objectReference: {fileID: 0}
    - target: {fileID: 3006951247106996631, guid: bddb675f39f8d8d499f7766baae1b0b6,
        type: 3}
      propertyPath: m_FollowOffset.z
      value: -5
      objectReference: {fileID: 0}
    - target: {fileID: 3006951247108502906, guid: bddb675f39f8d8d499f7766baae1b0b6,
        type: 3}
      propertyPath: m_LocalPosition.x
      value: 2.9467714
      objectReference: {fileID: 0}
    - target: {fileID: 3006951247108502906, guid: bddb675f39f8d8d499f7766baae1b0b6,
        type: 3}
      propertyPath: m_LocalPosition.y
      value: 0
      objectReference: {fileID: 0}
    - target: {fileID: 3006951247108502906, guid: bddb675f39f8d8d499f7766baae1b0b6,
        type: 3}
      propertyPath: m_LocalPosition.z
      value: -4.78137
      objectReference: {fileID: 0}
    - target: {fileID: 3006951247108502906, guid: bddb675f39f8d8d499f7766baae1b0b6,
        type: 3}
      propertyPath: m_LocalRotation.w
      value: 0.97659785
      objectReference: {fileID: 0}
    - target: {fileID: 3006951247108502906, guid: bddb675f39f8d8d499f7766baae1b0b6,
        type: 3}
      propertyPath: m_LocalRotation.x
      value: 0.04870834
      objectReference: {fileID: 0}
    - target: {fileID: 3006951247108502906, guid: bddb675f39f8d8d499f7766baae1b0b6,
        type: 3}
      propertyPath: m_LocalRotation.y
      value: 0.20922561
      objectReference: {fileID: 0}
    - target: {fileID: 3006951247108502906, guid: bddb675f39f8d8d499f7766baae1b0b6,
        type: 3}
      propertyPath: m_LocalRotation.z
      value: -0.010435238
      objectReference: {fileID: 0}
    - target: {fileID: 3006951247304446410, guid: bddb675f39f8d8d499f7766baae1b0b6,
        type: 3}
      propertyPath: m_LocalPosition.x
      value: 2.9467714
      objectReference: {fileID: 0}
    - target: {fileID: 3006951247304446410, guid: bddb675f39f8d8d499f7766baae1b0b6,
        type: 3}
      propertyPath: m_LocalPosition.y
      value: 0
      objectReference: {fileID: 0}
    - target: {fileID: 3006951247304446410, guid: bddb675f39f8d8d499f7766baae1b0b6,
        type: 3}
      propertyPath: m_LocalPosition.z
      value: -4.78137
      objectReference: {fileID: 0}
    - target: {fileID: 3006951247304446410, guid: bddb675f39f8d8d499f7766baae1b0b6,
        type: 3}
      propertyPath: m_LocalRotation.w
      value: 0.97860473
      objectReference: {fileID: 0}
    - target: {fileID: 3006951247304446410, guid: bddb675f39f8d8d499f7766baae1b0b6,
        type: 3}
      propertyPath: m_LocalRotation.x
      value: 0.04307124
      objectReference: {fileID: 0}
    - target: {fileID: 3006951247304446410, guid: bddb675f39f8d8d499f7766baae1b0b6,
        type: 3}
      propertyPath: m_LocalRotation.y
      value: 0.20099616
      objectReference: {fileID: 0}
    - target: {fileID: 3006951247304446410, guid: bddb675f39f8d8d499f7766baae1b0b6,
        type: 3}
      propertyPath: m_LocalRotation.z
      value: -0.008846426
      objectReference: {fileID: 0}
    - target: {fileID: 3006951247329955500, guid: bddb675f39f8d8d499f7766baae1b0b6,
        type: 3}
      propertyPath: m_FollowOffset.z
      value: -5
      objectReference: {fileID: 0}
    - target: {fileID: 3006951247794926641, guid: bddb675f39f8d8d499f7766baae1b0b6,
        type: 3}
      propertyPath: m_FollowOffset.z
      value: -5
      objectReference: {fileID: 0}
    - target: {fileID: 5110627310929316680, guid: bddb675f39f8d8d499f7766baae1b0b6,
        type: 3}
      propertyPath: m_LocalRotation.w
      value: 1
      objectReference: {fileID: 0}
    - target: {fileID: 5110627310929316680, guid: bddb675f39f8d8d499f7766baae1b0b6,
        type: 3}
      propertyPath: m_LocalRotation.x
      value: 0
      objectReference: {fileID: 0}
    - target: {fileID: 5110627310929316680, guid: bddb675f39f8d8d499f7766baae1b0b6,
        type: 3}
      propertyPath: m_LocalRotation.y
      value: 0
      objectReference: {fileID: 0}
    - target: {fileID: 5110627310929316680, guid: bddb675f39f8d8d499f7766baae1b0b6,
        type: 3}
      propertyPath: m_LocalRotation.z
      value: 0
      objectReference: {fileID: 0}
    - target: {fileID: 5110627311439493601, guid: bddb675f39f8d8d499f7766baae1b0b6,
        type: 3}
      propertyPath: m_Name
      value: ChaserPlayer
      objectReference: {fileID: 0}
    - target: {fileID: 5110627311439493601, guid: bddb675f39f8d8d499f7766baae1b0b6,
        type: 3}
      propertyPath: m_IsActive
      value: 1
      objectReference: {fileID: 0}
    - target: {fileID: 5110627311439493602, guid: bddb675f39f8d8d499f7766baae1b0b6,
        type: 3}
      propertyPath: m_LocalPosition.x
      value: 0
      objectReference: {fileID: 0}
    - target: {fileID: 5110627311439493602, guid: bddb675f39f8d8d499f7766baae1b0b6,
        type: 3}
      propertyPath: m_LocalPosition.y
      value: 0
      objectReference: {fileID: 0}
    - target: {fileID: 5110627311439493602, guid: bddb675f39f8d8d499f7766baae1b0b6,
        type: 3}
      propertyPath: m_LocalPosition.z
      value: 20
      objectReference: {fileID: 0}
    - target: {fileID: 5110627311439493602, guid: bddb675f39f8d8d499f7766baae1b0b6,
        type: 3}
      propertyPath: m_LocalRotation.w
      value: 1
      objectReference: {fileID: 0}
    - target: {fileID: 5110627311439493602, guid: bddb675f39f8d8d499f7766baae1b0b6,
        type: 3}
      propertyPath: m_LocalRotation.x
      value: 0
      objectReference: {fileID: 0}
    - target: {fileID: 5110627311439493602, guid: bddb675f39f8d8d499f7766baae1b0b6,
        type: 3}
      propertyPath: m_LocalRotation.y
      value: 0
      objectReference: {fileID: 0}
    - target: {fileID: 5110627311439493602, guid: bddb675f39f8d8d499f7766baae1b0b6,
        type: 3}
      propertyPath: m_LocalRotation.z
      value: 0
      objectReference: {fileID: 0}
    - target: {fileID: 5110627311439493602, guid: bddb675f39f8d8d499f7766baae1b0b6,
        type: 3}
      propertyPath: m_LocalEulerAnglesHint.x
      value: 0
      objectReference: {fileID: 0}
    - target: {fileID: 5110627311439493602, guid: bddb675f39f8d8d499f7766baae1b0b6,
        type: 3}
      propertyPath: m_LocalEulerAnglesHint.y
      value: 0
      objectReference: {fileID: 0}
    - target: {fileID: 5110627311439493602, guid: bddb675f39f8d8d499f7766baae1b0b6,
        type: 3}
      propertyPath: m_LocalEulerAnglesHint.z
      value: 0
      objectReference: {fileID: 0}
    - target: {fileID: 5110627311439493608, guid: bddb675f39f8d8d499f7766baae1b0b6,
        type: 3}
      propertyPath: m_IsTrigger
      value: 1
      objectReference: {fileID: 0}
    - target: {fileID: 8719501627712369731, guid: bddb675f39f8d8d499f7766baae1b0b6,
        type: 3}
      propertyPath: MovementSpeed
      value: 50
      objectReference: {fileID: 0}
    - target: {fileID: 8719501627712369731, guid: bddb675f39f8d8d499f7766baae1b0b6,
        type: 3}
      propertyPath: defaultFlySpeed
      value: 10
      objectReference: {fileID: 0}
    - target: {fileID: 8719501627712369731, guid: bddb675f39f8d8d499f7766baae1b0b6,
        type: 3}
      propertyPath: enemyChaserDetecter
      value: 
      objectReference: {fileID: 1936191316}
    - target: {fileID: 8719501627712369731, guid: bddb675f39f8d8d499f7766baae1b0b6,
        type: 3}
      propertyPath: goalsLayerMask.m_Bits
      value: 64
      objectReference: {fileID: 0}
    - target: {fileID: 8719501627712369731, guid: bddb675f39f8d8d499f7766baae1b0b6,
        type: 3}
      propertyPath: teamMateChaserDetecter
      value: 
      objectReference: {fileID: 1936191318}
    - target: {fileID: 8719501627712369731, guid: bddb675f39f8d8d499f7766baae1b0b6,
        type: 3}
      propertyPath: enemyChaseres.Array.size
      value: 0
      objectReference: {fileID: 0}
    - target: {fileID: 8719501627712369731, guid: bddb675f39f8d8d499f7766baae1b0b6,
        type: 3}
      propertyPath: enemyGoalPosts.Array.size
      value: 3
      objectReference: {fileID: 0}
    - target: {fileID: 8719501627712369731, guid: bddb675f39f8d8d499f7766baae1b0b6,
        type: 3}
      propertyPath: enemyChaseres.Array.data[0]
      value: 
      objectReference: {fileID: 0}
    - target: {fileID: 8719501627712369731, guid: bddb675f39f8d8d499f7766baae1b0b6,
        type: 3}
      propertyPath: enemyGoalPosts.Array.data[0]
      value: 
      objectReference: {fileID: 554789792}
    - target: {fileID: 8719501627712369731, guid: bddb675f39f8d8d499f7766baae1b0b6,
        type: 3}
      propertyPath: enemyGoalPosts.Array.data[1]
      value: 
      objectReference: {fileID: 277005731}
    - target: {fileID: 8719501627712369731, guid: bddb675f39f8d8d499f7766baae1b0b6,
        type: 3}
      propertyPath: enemyGoalPosts.Array.data[2]
      value: 
      objectReference: {fileID: 1221677243}
    - target: {fileID: 8719501627712369731, guid: bddb675f39f8d8d499f7766baae1b0b6,
        type: 3}
      propertyPath: playersICanPassTo.Array.size
      value: 0
      objectReference: {fileID: 0}
    - target: {fileID: 8719501627712369731, guid: bddb675f39f8d8d499f7766baae1b0b6,
        type: 3}
      propertyPath: catchingSphereCastStartingPoint
      value: 
      objectReference: {fileID: 1936191319}
    - target: {fileID: 8719501627712369731, guid: bddb675f39f8d8d499f7766baae1b0b6,
        type: 3}
      propertyPath: playersICanPassTo.Array.data[0]
      value: 
      objectReference: {fileID: 0}
    m_RemovedComponents: []
    m_RemovedGameObjects: []
    m_AddedGameObjects:
    - targetCorrespondingSourceObject: {fileID: 5110627310929316680, guid: bddb675f39f8d8d499f7766baae1b0b6,
        type: 3}
      insertIndex: -1
      addedObject: {fileID: 1283446701}
    m_AddedComponents:
    - targetCorrespondingSourceObject: {fileID: 5110627311439493601, guid: bddb675f39f8d8d499f7766baae1b0b6,
        type: 3}
      insertIndex: -1
      addedObject: {fileID: 1936191322}
  m_SourcePrefab: {fileID: 100100000, guid: bddb675f39f8d8d499f7766baae1b0b6, type: 3}
--- !u!4 &1936191315 stripped
Transform:
  m_CorrespondingSourceObject: {fileID: 5110627311439493602, guid: bddb675f39f8d8d499f7766baae1b0b6,
    type: 3}
  m_PrefabInstance: {fileID: 1936191314}
  m_PrefabAsset: {fileID: 0}
--- !u!114 &1936191316 stripped
MonoBehaviour:
  m_CorrespondingSourceObject: {fileID: 9205292361967808350, guid: bddb675f39f8d8d499f7766baae1b0b6,
    type: 3}
  m_PrefabInstance: {fileID: 1936191314}
  m_PrefabAsset: {fileID: 0}
  m_GameObject: {fileID: 0}
  m_Enabled: 1
  m_EditorHideFlags: 0
  m_Script: {fileID: 11500000, guid: afbaaa9b568277949ba31b7e37a6fa66, type: 3}
  m_Name: 
  m_EditorClassIdentifier: 
--- !u!114 &1936191317 stripped
MonoBehaviour:
  m_CorrespondingSourceObject: {fileID: 8719501627712369731, guid: bddb675f39f8d8d499f7766baae1b0b6,
    type: 3}
  m_PrefabInstance: {fileID: 1936191314}
  m_PrefabAsset: {fileID: 0}
  m_GameObject: {fileID: 1936191321}
  m_Enabled: 1
  m_EditorHideFlags: 0
  m_Script: {fileID: 11500000, guid: 1e515fe5c7f49cc4b916af966afa5129, type: 3}
  m_Name: 
  m_EditorClassIdentifier: 
--- !u!114 &1936191318 stripped
MonoBehaviour:
  m_CorrespondingSourceObject: {fileID: 8376797390298718971, guid: bddb675f39f8d8d499f7766baae1b0b6,
    type: 3}
  m_PrefabInstance: {fileID: 1936191314}
  m_PrefabAsset: {fileID: 0}
  m_GameObject: {fileID: 0}
  m_Enabled: 1
  m_EditorHideFlags: 0
  m_Script: {fileID: 11500000, guid: 439ff63ac59b8ad4a9d9493c07a17813, type: 3}
  m_Name: 
  m_EditorClassIdentifier: 
--- !u!4 &1936191319 stripped
Transform:
  m_CorrespondingSourceObject: {fileID: 7464994752546514208, guid: bddb675f39f8d8d499f7766baae1b0b6,
    type: 3}
  m_PrefabInstance: {fileID: 1936191314}
  m_PrefabAsset: {fileID: 0}
--- !u!4 &1936191320 stripped
Transform:
  m_CorrespondingSourceObject: {fileID: 5110627310929316680, guid: bddb675f39f8d8d499f7766baae1b0b6,
    type: 3}
  m_PrefabInstance: {fileID: 1936191314}
  m_PrefabAsset: {fileID: 0}
--- !u!1 &1936191321 stripped
GameObject:
  m_CorrespondingSourceObject: {fileID: 5110627311439493601, guid: bddb675f39f8d8d499f7766baae1b0b6,
    type: 3}
  m_PrefabInstance: {fileID: 1936191314}
  m_PrefabAsset: {fileID: 0}
--- !u!54 &1936191322
Rigidbody:
  m_ObjectHideFlags: 0
  m_CorrespondingSourceObject: {fileID: 0}
  m_PrefabInstance: {fileID: 0}
  m_PrefabAsset: {fileID: 0}
  m_GameObject: {fileID: 1936191321}
  serializedVersion: 4
  m_Mass: 1
  m_Drag: 0
  m_AngularDrag: 0.05
  m_CenterOfMass: {x: 0, y: 0, z: 0}
  m_InertiaTensor: {x: 1, y: 1, z: 1}
  m_InertiaRotation: {x: 0, y: 0, z: 0, w: 1}
  m_IncludeLayers:
    serializedVersion: 2
    m_Bits: 0
  m_ExcludeLayers:
    serializedVersion: 2
    m_Bits: 0
  m_ImplicitCom: 1
  m_ImplicitTensor: 1
  m_UseGravity: 0
  m_IsKinematic: 0
  m_Interpolate: 0
  m_Constraints: 0
  m_CollisionDetection: 0
--- !u!1 &2057382645
GameObject:
  m_ObjectHideFlags: 0
  m_CorrespondingSourceObject: {fileID: 0}
  m_PrefabInstance: {fileID: 0}
  m_PrefabAsset: {fileID: 0}
  serializedVersion: 6
  m_Component:
  - component: {fileID: 2057382646}
  - component: {fileID: 2057382648}
  - component: {fileID: 2057382647}
  m_Layer: 6
  m_Name: Sphere
  m_TagString: Untagged
  m_Icon: {fileID: 0}
  m_NavMeshLayer: 0
  m_StaticEditorFlags: 0
  m_IsActive: 1
--- !u!4 &2057382646
Transform:
  m_ObjectHideFlags: 0
  m_CorrespondingSourceObject: {fileID: 0}
  m_PrefabInstance: {fileID: 0}
  m_PrefabAsset: {fileID: 0}
  m_GameObject: {fileID: 2057382645}
  serializedVersion: 2
  m_LocalRotation: {x: 0, y: 0, z: 0, w: 1}
  m_LocalPosition: {x: 0, y: 0, z: 0}
  m_LocalScale: {x: 1.64, y: 1.65, z: 0.1}
  m_ConstrainProportionsScale: 0
  m_Children: []
  m_Father: {fileID: 1221677243}
  m_LocalEulerAnglesHint: {x: 0, y: 0, z: 0}
--- !u!23 &2057382647
MeshRenderer:
  m_ObjectHideFlags: 0
  m_CorrespondingSourceObject: {fileID: 0}
  m_PrefabInstance: {fileID: 0}
  m_PrefabAsset: {fileID: 0}
  m_GameObject: {fileID: 2057382645}
  m_Enabled: 1
  m_CastShadows: 1
  m_ReceiveShadows: 1
  m_DynamicOccludee: 1
  m_StaticShadowCaster: 0
  m_MotionVectors: 1
  m_LightProbeUsage: 1
  m_ReflectionProbeUsage: 1
  m_RayTracingMode: 2
  m_RayTraceProcedural: 0
  m_RenderingLayerMask: 1
  m_RendererPriority: 0
  m_Materials:
  - {fileID: 2100000, guid: 1df8e8f0ec5576144ba0f70740471aa3, type: 2}
  m_StaticBatchInfo:
    firstSubMesh: 0
    subMeshCount: 0
  m_StaticBatchRoot: {fileID: 0}
  m_ProbeAnchor: {fileID: 0}
  m_LightProbeVolumeOverride: {fileID: 0}
  m_ScaleInLightmap: 1
  m_ReceiveGI: 1
  m_PreserveUVs: 0
  m_IgnoreNormalsForChartDetection: 0
  m_ImportantGI: 0
  m_StitchLightmapSeams: 1
  m_SelectedEditorRenderState: 3
  m_MinimumChartSize: 4
  m_AutoUVMaxDistance: 0.5
  m_AutoUVMaxAngle: 89
  m_LightmapParameters: {fileID: 0}
  m_SortingLayerID: 0
  m_SortingLayer: 0
  m_SortingOrder: 0
  m_AdditionalVertexStreams: {fileID: 0}
--- !u!33 &2057382648
MeshFilter:
  m_ObjectHideFlags: 0
  m_CorrespondingSourceObject: {fileID: 0}
  m_PrefabInstance: {fileID: 0}
  m_PrefabAsset: {fileID: 0}
  m_GameObject: {fileID: 2057382645}
  m_Mesh: {fileID: 10207, guid: 0000000000000000e000000000000000, type: 0}
--- !u!1 &2082900111
GameObject:
  m_ObjectHideFlags: 0
  m_CorrespondingSourceObject: {fileID: 0}
  m_PrefabInstance: {fileID: 0}
  m_PrefabAsset: {fileID: 0}
  serializedVersion: 6
  m_Component:
  - component: {fileID: 2082900114}
  - component: {fileID: 2082900113}
  - component: {fileID: 2082900112}
  m_Layer: 0
  m_Name: Directional Light
  m_TagString: Untagged
  m_Icon: {fileID: 0}
  m_NavMeshLayer: 0
  m_StaticEditorFlags: 0
  m_IsActive: 1
--- !u!114 &2082900112
MonoBehaviour:
  m_ObjectHideFlags: 0
  m_CorrespondingSourceObject: {fileID: 0}
  m_PrefabInstance: {fileID: 0}
  m_PrefabAsset: {fileID: 0}
  m_GameObject: {fileID: 2082900111}
  m_Enabled: 1
  m_EditorHideFlags: 0
  m_Script: {fileID: 11500000, guid: 474bcb49853aa07438625e644c072ee6, type: 3}
  m_Name: 
  m_EditorClassIdentifier: 
  m_Version: 3
  m_UsePipelineSettings: 1
  m_AdditionalLightsShadowResolutionTier: 2
  m_LightLayerMask: 1
  m_RenderingLayers: 1
  m_CustomShadowLayers: 0
  m_ShadowLayerMask: 1
  m_ShadowRenderingLayers: 1
  m_LightCookieSize: {x: 1, y: 1}
  m_LightCookieOffset: {x: 0, y: 0}
  m_SoftShadowQuality: 1
--- !u!108 &2082900113
Light:
  m_ObjectHideFlags: 0
  m_CorrespondingSourceObject: {fileID: 0}
  m_PrefabInstance: {fileID: 0}
  m_PrefabAsset: {fileID: 0}
  m_GameObject: {fileID: 2082900111}
  m_Enabled: 1
  serializedVersion: 10
  m_Type: 1
  m_Shape: 0
  m_Color: {r: 1, g: 1, b: 1, a: 1}
  m_Intensity: 2
  m_Range: 10
  m_SpotAngle: 30
  m_InnerSpotAngle: 21.80208
  m_CookieSize: 10
  m_Shadows:
    m_Type: 2
    m_Resolution: -1
    m_CustomResolution: -1
    m_Strength: 1
    m_Bias: 0.05
    m_NormalBias: 0.4
    m_NearPlane: 0.2
    m_CullingMatrixOverride:
      e00: 1
      e01: 0
      e02: 0
      e03: 0
      e10: 0
      e11: 1
      e12: 0
      e13: 0
      e20: 0
      e21: 0
      e22: 1
      e23: 0
      e30: 0
      e31: 0
      e32: 0
      e33: 1
    m_UseCullingMatrixOverride: 0
  m_Cookie: {fileID: 0}
  m_DrawHalo: 0
  m_Flare: {fileID: 0}
  m_RenderMode: 0
  m_CullingMask:
    serializedVersion: 2
    m_Bits: 4294967295
  m_RenderingLayerMask: 1
  m_Lightmapping: 4
  m_LightShadowCasterMode: 0
  m_AreaSize: {x: 1, y: 1}
  m_BounceIntensity: 1
  m_ColorTemperature: 5000
  m_UseColorTemperature: 1
  m_BoundingSphereOverride: {x: 0, y: 0, z: 0, w: 0}
  m_UseBoundingSphereOverride: 0
  m_UseViewFrustumForShadowCasterCull: 1
  m_ShadowRadius: 0
  m_ShadowAngle: 0
--- !u!4 &2082900114
Transform:
  m_ObjectHideFlags: 0
  m_CorrespondingSourceObject: {fileID: 0}
  m_PrefabInstance: {fileID: 0}
  m_PrefabAsset: {fileID: 0}
  m_GameObject: {fileID: 2082900111}
  serializedVersion: 2
  m_LocalRotation: {x: 0.40821788, y: -0.23456968, z: 0.10938163, w: 0.8754261}
  m_LocalPosition: {x: 0, y: 3, z: 0}
  m_LocalScale: {x: 1, y: 1, z: 1}
  m_ConstrainProportionsScale: 0
  m_Children: []
  m_Father: {fileID: 0}
  m_LocalEulerAnglesHint: {x: 50, y: -30, z: 0}
--- !u!1660057539 &9223372036854775807
SceneRoots:
  m_ObjectHideFlags: 0
  m_Roots:
  - {fileID: 904519879}
  - {fileID: 1936191314}
  - {fileID: 1455507721}
  - {fileID: 2082900114}
  - {fileID: 585211538}
  - {fileID: 608759924}
  - {fileID: 303091927}
  - {fileID: 1905469761}
  - {fileID: 598235086}
